3312 4906
780 369 817 428 17

248 555 354 639 prima
376 552 410 616 in
430 570 494 632 qua
509 548 650 614 omnium
665 548 751 613 bona
773 547 955 611 communia
978 550 1052 611 sunt
1074 545 1196 628 optima
1218 517 1349 626 quidem

252 669 311 745 est,
334 661 392 727 sed
414 659 485 725 deis
507 663 631 723 tantum
652 657 849 739 deorumque
868 654 944 720 filiis
966 661 1044 739 apta
1065 654 1224 735 (7390⁴);
1246 654 1349 719 altera

53 738 55 801 ἶ
145 811 148 814 -
253 793 353 854 quam
382 769 443 834 hcc
477 787 575 851 cpere
616 766 821 851 persequitur
853 764 1023 829 formanda
1056 763 1187 846 quidem
1218 768 1268 828 est
1300 782 1349 828 se·

252 880 391 946 cundum
413 879 502 943 illius
518 868 700 961 exemplum
722 876 768 961 ita
782 880 900 956 tamen,
923 879 958 938 ut
977 878 1063 938 terra
1078 870 1206 958 διανοίᾳ
1225 877 1350 937 tantum

253 988 401 1055 omnibus
423 986 601 1053 eommunis
623 986 675 1065 sit,
707 1003 742 1049 re
775 1004 853 1049 vera
885 983 968 1048 inter
1006 983 1150 1065 singulos
1177 980 1351 1047 distributa

250 1099 365 1182 (740⁸).
399 1096 530 1162 Tertiae
555 1093 694 1175 denique
709 1092 899 1174 minimique
921 1092 1017 1177 pretii
1033 1092 1175 1156 civitatis
1197 1091 1351 1174 explana·

252 1210 374 1274 tionem
396 1205 429 1271 in
452 1209 615 1288 posterum
643 1201 752 1267 differt
784 1203 874 1278 (739θ
897 1197 1008 1284 τρίτην
1024 1197 1060 1263 δὲ
1073 1192 1156 1282 μετὰ
1169 1206 1279 1277 ταῦτα,
1296 1191 1351 1263 ἐὰν

254 1314 337 1392 θεὸς
358 1313 467 1400 ἐθέλῃ,
491 1306 806 1394 διαπερανούμεθα).

354 1426 423 1490 lam
444 1443 521 1488 vero
543 1407 786 1487 accuratissime
808 1423 1018 1502 assequamur
1040 1426 1165 1504 oportet
1182 1418 1350 1502 scriptoris

255 1535 433 1607 consilium.
466 1531 552 1596 Novi
580 1528 705 1611 aliquid
733 1534 831 1610 atque
858 1529 981 1594 insoliti
1009 1528 1118 1594 verbis
1139 1527 1251 1605 induci
1272 1525 1353 1592 dicit

251 1642 273 1728 ἦ
296 1638 335 1728 δὴ
351 1636 395 1727 τδ
417 1634 500 1722 μετὰ
521 1639 619 1703 τοῦτο
641 1630 740 1722 φορά.
790 1636 896 1720 Atque
917 1638 1058 1722 positum
1081 1643 1130 1702 est
1150 1636 1212 1702 hcc
1233 1656 1352 1702 novum

253 1755 286 1817 in
309 1771 357 1833 ec,
384 1755 419 1815 ut
440 1768 476 1814 re
497 1768 576 1813 vera
605 1745 833 1812 incendenda
860 1745 922 1811 hac
953 1746 1085 1811 civitate
1116 1751 1222 1811 terrae
1245 1744 1352 1811 distri·

252 1858 342 1923 butio
375 1856 569 1920 instituatur.
625 1852 782 1918 Attendas
809 1854 909 1936 igitur
936 1873 1033 1935 quarn
1064 1853 1196 1919 diversa
1226 1854 1352 1920 ratione

252 1988 305 2051 pg.
327 1969 406 2028 737Θ
427 1970 460 2029 et
482 1961 561 2025 74οᾱ
593 1962 634 2028 de
666 1961 803 2050 διανομῇ
833 1962 968 2028 dicatur.
1025 1962 1132 2029 Priori
1165 1964 1250 2029 enim
1279 1964 1352 2028 locu

257 2095 339 2157 quae
361 2072 597 2139 discutiebatur
629 2067 766 2155 διανομή
789 2072 911 2137 nemini
940 2071 1111 2138 videbatur
1142 2093 1194 2138 res
1221 2073 1352 2138 insolita

258 2189 353 2265 atque
375 2184 588 2266 inexpectata.
621 2181 733 2247 Potest
754 2183 840 2247 enim
860 2180 942 2247 haec
963 2187 1061 2264 atque
1081 2180 1177 2247 debet
1199 2181 1353 2264 quedam·

255 2291 351 2355 mcdc
373 2310 443 2357 esse
466 2291 564 2357 etiam
591 2291 625 2354 in
647 2291 770 2373 optima
798 2291 939 2371 civitate,
972 2291 1006 2354 in
1029 2310 1094 2372 qua
1113 2284 1206 2353 κοινοὶ
1227 2284 1354 2361 τὰτῶν

255 2397 369 2486 φίλων.
421 2400 504 2465 Nam
525 2406 689 2482 nequeunt
715 2419 825 2467 omnes
848 2401 936 2466 cives
958 2401 992 2464 in
1016 2402 1103 2467 cmni
1125 2422 1252 2486 semper
1273 2424 1352 2487 agro
1430 2446 1432 2453 ,

253 2509 376 2576 sedere.
432 2509 605 2594 Expressis
626 2515 733 2575 autem
768 2511 877 2577 verbis
908 2532 962 2595 pg.
985 2511 1114 2578 demum
1135 2515 1210 2575 739e
1244 2511 1354 2578 distri-

251 2620 392 2685 buuntur
414 2620 501 2684 cives
526 2639 585 2704 per
599 2640 695 2702 agros
716 2622 891 2704 separatim
912 2620 1189 2705 possidendos.
1221 2614 1352 2702 νειμάσ-

254 2731 329 2792 διον
350 2726 409 2809 μέν
430 2720 469 2812 δὴ
493 2728 626 2810 πρῶτον
647 2729 704 2814 γῆν
725 2750 761 2792 τε
783 2727 837 2792 καί
860 2724 967 2807 οἰκίας,
996 2729 1051 2793 καί
1073 2725 1117 2814 μὴ
1138 2730 1231 2819 κοινῇ
1252 2751 1351 2812 γεωρ-

252 2831 404 2927 Ιγοιίντιον,
431 2832 545 2924 ἐπειδὴ
566 2833 605 2901 τὰ
627 2845 778 2902 τοιοῦτον
797 2838 911 2920 μεῖζον
933 2831 953 2926 ἢ
975 2834 1056 2902 κατὰ
1076 2834 1135 2923 τὴν
1156 2840 1211 2903 νῦν
1231 2836 1354 2923 γένεσιν

252 2944 306 3010 καί
327 2940 455 3032 τροφὴν
474 2944 527 3009 καί
547 2943 719 3012 παίδευσιν
741 2940 875 3031 εἴρηται.

352 3056 441 3120 Haec
464 3055 492 3120 si
515 3075 641 3120 mecum
655 3058 866 3140 reputaveris,
887 3062 966 3140 putu
981 3058 1079 3123 etiam
1099 3064 1132 3123 te
1151 3057 1278 3140 aliquid
1295 3057 1350 3122 de·

253 3165 478 3247 sideraturum,
510 3165 538 3228 si
571 3184 643 3229 cum
670 3166 788 3248 legeris
811 3165 1037 3232 antecedentia
1060 3167 1157 3251 plane
1179 3168 1288 3237 aliena
1309 3166 1350 3231 ab

255 3273 317 3340 hac
347 3273 560 3358 expositione,
592 3273 699 3338 subito
727 3273 770 3338 ad
791 3274 872 3340 haee
893 3275 993 3340 verba
1014 3273 1183 3341 deveneris
1211 3268 1230 3360 ἦ
1254 3271 1294 3357 δὴ
1314 3268 1353 3340 ud

255 3377 338 3464 μετὰ
360 3382 459 3446 τοῦτο
482 3375 571 3468 φορά
593 3402 619 3447 e.
644 3402 673 3464 q.
696 3403 721 3448 s.
753 3383 838 3447 Nam
868 3403 965 3466 aegre
986 3383 1071 3450 ieres
1090 3389 1123 3450 te
1145 3384 1223 3466 quid
1243 3384 1285 3449 sit
1307 3366 1354 3448 in-

257 3492 388 3556 solitum
419 3490 502 3555 illud
530 3496 627 3573 atque
648 3512 766 3556 ncvum
787 3498 995 3576 praeceptum
1017 3494 1051 3557 in
1071 3491 1135 3558 fine
1156 3491 1283 3558 demum
1305 3512 1354 3558 se-

258 3601 385 3683 quentis
405 3601 545 3684 paginae
568 3601 755 3684 comperire.
803 3602 911 3677 Verba
933 3603 1019 3667 enim
1040 3592 1080 3667 οὕ
1096 3598 1161 3687 μὴν
1188 3592 1255 3666 ἀλλ’
1279 3592 1355 3665 οἶνο-

256 3707 452 3793 λογιζομένρι
473 3706 528 3772 καί
547 3707 744 3794 πειρωμένῳ
766 3713 917 3796 φανεῖται
944 3708 1105 3793 δευτέρως
1126 3702 1166 3774 dv
1187 3704 1286 3788 πόλις
1308 3707 1355 3776 οἶ-

254 3819 389 3881 κεῖοθαι
411 3811 498 3900 πρὸς
521 3813 560 3881 ιδ
580 3815 746 3897 βέλτιστον
778 3839 842 3907 nqn
863 3825 999 3903 possunt
1020 3819 1165 3903 intellegi
1186 3840 1207 3884 a
1226 3821 1355 3902 lectore,

255 3929 311 4009 qui
331 3927 456 3992 nesciat
479 3927 520 3991 de
551 3946 615 4008 qua
637 3947 672 3992 re
694 3932 818 4010 agatur.
862 3928 1008 3993 Postulat
1032 3929 1131 4012 igitur
1153 3929 1354 4013 perpetuitas

258 4043 436 4120 contextus,
469 4042 504 4101 ut
534 4037 563 4100 si
584 4037 730 4119 legamus
751 4035 833 4103 haec
854 4038 964 4121 verba,
995 4039 1134 4103 sciamus
1148 4057 1196 4103 ea
1216 4036 1286 4102 fieri
1313 4036 1355 4102 de

255 4143 402 4233 διανομῇ.
446 4145 541 4224 Quod
568 4165 606 4210 ec
638 4146 742 4229 magis
770 4166 949 4230 poscemus,
972 4167 1035 4228 quc
1055 4148 1161 4212 minus
1183 4145 1356 4212 cohaerent
1439 4142 1474 4171 ⁸

256 4273 339 4337 quae
364 4255 557 4321 antecedunt
578 4274 651 4320 cum
671 4256 889 4342 sequentibus.

1140 4385 1156 4434 2
