3312 4906
842 378 883 442 48

414 560 537 626 Eodem
570 580 647 626 vero
677 562 841 652 pertinent
873 560 972 625 etiam
1003 560 1146 626 actiones
1178 558 1257 641 περὶ
1276 554 1410 646 βλάβης,

316 687 452 751 quarum
495 668 643 754 dispersa
686 669 847 751 quaedam
882 668 1026 734 membra
1061 669 1157 735 facile
1192 675 1411 752 agnoscuntur

269 786 271 795 ·
315 777 524 879 asne-9330,
545 779 667 861 333-3,
692 776 778 841 osse.
883 817 910 833 -,

419 885 617 970 Expectabis
646 884 743 951 finem
764 884 961 969 disputandi.
1005 883 1071 951 Sed
1092 904 1134 950 ne
1154 884 1320 951 destruere
1341 891 1410 951 tan-

315 999 384 1059 tum
422 992 536 1059 videar
579 995 797 1060 coniecturam
841 995 989 1076 quamvis
1033 992 1219 1060 dubitanter
1250 995 1411 1078 proteram

315 1101 449 1167 deloco
482 1103 535 1167 cni
564 1103 707 1186 potuerit
728 1101 821 1168 Plato
854 1103 1074 1186 expositiones
1103 1101 1144 1168 de
1165 1103 1295 1167 violatis
1317 1102 1409 1169 bonis

315 1196 431 1275 alienis
454 1209 626 1276 destinare.
661 1211 804 1276 Primum
827 1216 934 1275 autem
949 1231 1013 1275 non
1027 1216 1105 1294 apta
1118 1209 1269 1276 videntur
1291 1210 1411 1276 delicta

316 1317 359 1383 ad
378 1319 497 1384 librum
513 1319 571 1403 XI,
593 1320 649 1385 ubi
672 1318 713 1385 de
728 1319 849 1385 mutuis
869 1319 989 1383 civium
1010 1317 1125 1383 officiis
1147 1320 1263 1402 agitur.
1297 1320 1359 1384 Illa
1381 1321 1410 1384 si

315 1427 471 1493 voluisset
485 1427 546 1493 hoc
557 1428 640 1493 libro
654 1433 802 1511 tractare,
817 1429 851 1491 in
864 1427 958 1491 initio
974 1427 1044 1492 eius
1059 1428 1230 1511 posuisset,
1246 1428 1302 1493 ubi
1317 1448 1409 1512 prae·

316 1541 443 1619 ceptum
475 1535 536 1602 hoc
568 1536 718 1620 generale
749 1529 831 1619 μήτε
869 1519 926 1596 οὖν
960 1556 1009 1610 τις
1041 1533 1108 1597 τῶν
1130 1532 1217 1616 ἔμιδν
1238 1529 1410 1619 χρημάτων

315 1637 455 1708 ἅπτοιτο
477 1639 524 1720 εἰς
548 1637 696 1724 δύναμιν,
721 1640 795 1727 μηδ’
819 1627 860 1705 αὖ
885 1635 1025 1730 κινήσειε
1046 1639 1129 1727 μηδὲ
1149 1637 1187 1707 κδ
1209 1637 1410 1724 βραχύτατον

316 1750 372 1834 ἐμὲ
392 1752 523 1840 μηδαμῇ
555 1751 712 1837 μηδαμῶς
744 1748 887 1814 πείθων·
915 1745 998 1813 κατὰ
1029 1741 1130 1814 ταῦτα
1166 1748 1325 1816 δὲταῦτα
1356 1751 1410 1815 καὶ

314 1859 393 1941 περὶ
432 1855 472 1923 ιδ
513 1861 580 1923 τῶν
618 1849 726 1922 ἄλλων
762 1856 824 1942 syci
863 1852 979 1943 δρῴην,
1001 1854 1094 1922 νοῦν
1131 1854 1215 1938 ἔχων
1260 1855 1410 1946 ἔμφρονα

315 1970 519 2054 aptissimum
533 1974 611 2051 erat,
623 1967 711 2050 quod
718 1969 815 2033 talem
827 1968 1076 2051 explicationem
1091 1968 1318 2034 introduceret.
1343 1968 1410 2035 Sed

316 2078 467 2144 observes
489 2096 555 2160 qua
572 2077 701 2142 ratione
727 2076 761 2140 in
782 2076 876 2140 initio
891 2075 1121 2159 disputationis
1142 2076 1183 2142 (13
1198 2079 1303 2161 pactis
1318 2098 1409 2162 prae-

317 2193 445 2272 septum
467 2184 548 2250 illud
580 2185 750 2250 temetum
772 2185 824 2267 sit,
846 2185 952 2266 33331
973 2183 1079 2269 ipsum
1100 2204 1229 2269 quoque
1252 2193 1409 2271 expecto

317 2301 437 2361 ortum:
453 2352 456 2357 .
471 2293 527 2378 „Si
549 2300 584 2360 tu
605 2313 678 2358 mea
702 2293 788 2359 bona
820 2312 884 2357 non
905 2313 1024 2377 moves,
1057 2294 1155 2358 etiam
1177 2315 1238 2378 ego
1259 2300 1317 2359 tua
1344 2315 1409 2361 non

316 2401 480 2471 movebo“.
516 2404 558 2468 Et
579 2405 660 2468 scite
681 2402 777 2468 huius
799 2403 913 2468 moniti
935 2402 998 2468 duo
1014 2404 1177 2487 eliguntur
1198 2406 1346 2488 exempla
1368 2404 1409 2470 (13

316 2514 499 2580 thensauris
513 2514 538 2593 ¹)
555 2511 639 2578 etde
654 2513 750 2578 rebus
766 2513 887 2577 relictis
899 2514 935 2595 ²),
958 2513 1109 2578 nimirum
1123 2533 1205 2595 quas
1220 2512 1294 2595 quis
1309 2514 1408 2578 tacito

316 2623 376 2688 hoc
397 2628 491 2706 pacto
513 2621 614 2686 fretus
632 2625 689 2686 aut
710 2620 743 2685 in
766 2627 853 2685 terra
863 2621 1008 2703 posuerit
1021 2627 1078 2685 aut
1088 2622 1209 2687 alicubi
1231 2622 1408 2703 reliquerit.

421 2730 487 2796 Sed
508 2729 645 2795 tortasse
666 2730 807 2812 vestigia
827 2734 963 2813 possunt
984 2731 1135 2812 cognosci
1157 2731 1287 2814 pristini
1309 2732 1408 2816 scrip-

315 2841 395 2906 toris
428 2839 557 2905 consilii
579 2840 613 2903 in
640 2839 733 2903 initio
762 2838 838 2903 libri
860 2837 892 2902 X
924 2838 981 2903 ubi
1014 2838 1100 2904 idem
1128 2844 1337 2923 praeceptum
1357 2858 1408 2904 33-

315 2951 415 3017 currit
436 2947 557 3031 (884⁸):

420 3052 517 3122 Μετὰ
538 3054 574 3121 δὲ
597 3051 655 3133 τὰς
687 3051 793 3132 αἰκίας
825 3052 904 3138 περὶ
925 3052 1050 3131 παντὸς
1072 3048 1108 3119 ἓν
1128 3048 1277 3142 εἰρήσθω
1303 3050 1407 3120 τοιόν-

315 3167 351 3231 δε
373 3190 404 3231 τι
426 3160 564 3248 νόμιμον
584 3164 701 3249 βιαίων
730 3164 818 3250 πέρι·
849 3166 914 3228 τῶν
945 3154 1126 3247 ἀλλοτρίων
1158 3162 1279 3248 μηδένα
1309 3164 1409 3252 μηδὲν

238 3290 241 3296 “
316 3273 429 3362 φέρειν
450 3274 531 3359 μηδὲ
550 3263 648 3358 dyas,
674 3273 747 3358 μηδ
770 3259 811 3336 αδ
829 3277 972 3361 χρῆσθαι
990 3271 1103 3358 μηδενὶ
1131 3272 1198 3334 τῶν
1217 3275 1277 3337 τοῦ
1297 3273 1408 3357 πέλας,

314 3379 370 3450 δαν
389 3378 434 3469 μὴ
457 3380 556 3468 πείσῃ
574 3378 632 3447 τδν
650 3380 853 3468 κεκτημένον.
1262 3366 1265 3375 ’

315 3586 482 3656 exemplum,
498 3601 579 3654 quam
598 3582 768 3653 inaequabili
782 3600 838 3637 non
851 3583 939 3637 solum
957 3581 1097 3637 formandi
1110 3582 1252 3638 sedetiam
1265 3584 1408 3654 cogitandi

314 3683 424 3738 ratione
442 3682 510 3737 haec
527 3681 659 3736 instituta
677 3698 694 3735 3
711 3679 828 3736 Platone
846 3683 967 3735 13331313
985 3680 1049 3736 siut.
1095 3681 1165 3735 Nam
1184 3681 1355 3749 reliquorum
1373 3681 1408 3735 de

314 3779 391 3834 furto
408 3778 603 3832 institutorum
621 3781 697 3832 certe
715 3793 772 3830 non
781 3793 888 3832 memor
905 3780 967 3831 3331
984 3780 1091 3844 auctor,
1110 3753 1173 3832 cum
1191 3795 1263 3848 cum,
1282 3780 1330 3847 qui
1347 3795 1408 3833 rem

313 3875 349 3930 ab
367 3873 421 3928 3113
440 3873 565 3929 relictam
584 3891 677 3928 secum
688 3874 807 3942 tulisset,
826 3873 975 3944 decuplum
985 3874 1069 3945 pretii
1081 3874 1188 3929 solvere
1205 3873 1315 3929 iuberet
1333 3876 1406 3929 914⁰:

314 3963 453 4042 ἐλεύθερος
471 4007 478 4022 .
497 4010 504 4024 .
523 4009 531 4025 .
550 3965 750 4033 δεκαπλάσιον,
764 3970 810 4039 τῆς
836 3971 916 4043 τιμῆς
941 3972 989 4025 τοῦ
1015 3973 1174 4038 κινηθέντος
1196 3965 1347 4025 ἀποτινέτω
1368 3971 1408 4040 τῷ

314 4062 497 4122 καταλιπόντι.

415 4163 442 4231 1)
461 4160 553 4218 9131-
564 4161 638 4218 9141.

412 4259 560 4329 21914131.
