3312 4906
817 386 835 447 6

281 572 340 632 tet:
363 572 395 632 et
427 564 613 649 disorepare
640 565 730 648 leges
759 565 964 655 aptioribus
985 565 1131 630 Platonis
1154 564 1284 649 seriptis
1307 585 1377 631 sen·

280 676 391 741 tentiis
429 676 573 739 oratione
612 672 735 757 dialogi
775 674 877 740 forma
914 681 946 741 et
985 676 1150 757 inaequali
1187 695 1266 741 eura
1304 696 1377 741 oon-

282 784 419 865 seriptas
436 800 508 847 esse
528 782 701 862 multisque
722 781 871 846 laborare
886 780 1106 866 incommodis,
1129 802 1212 865 quae
1233 782 1378 847 librariis

282 910 346 955 non
368 890 493 972 possint
515 889 623 954 tribui.
656 888 762 970 Atque
777 890 868 972 prius
884 889 966 956 illud
988 891 1016 955 si
1038 896 1173 955 externa
1186 892 1378 975 respicimus

281 998 465 1063 Aristotelis
480 998 666 1062 testimonia
688 1003 719 1062 et
741 1003 848 1080 potest
870 1004 901 1063 et
923 998 1021 1064 debet
1043 1004 1206 1064 seneetnte
1229 999 1378 1065 exonsari

228 1139 232 1149 ·
282 1108 459 1190 scriptoris.
495 1105 607 1171 Altera
621 1105 795 1171 ditfioultas
814 1106 1067 1173 eadem'ratione
1083 1109 1195 1189 nequit
1215 1106 1378 1193 expediri:

283 1217 348 1280 iam
370 1235 446 1281 vero
477 1215 506 1281 si
534 1217 568 1280 in
595 1215 709 1280 eodem
732 1235 830 1300 opere
851 1217 919 1281 alia
940 1214 1236 1282 consideratissimo
1265 1216 1379 1282 ordine

282 1323 453 1407 splendido
474 1344 622 1391 sermone
645 1325 838 1408 gravissima
860 1325 1023 1409 sapientia
1052 1327 1210 1410 exposita,
1236 1326 1303 1390 alia
1324 1325 1379 1390 ab·

282 1439 376 1518 rupte
398 1433 596 1500 hariolanter
618 1434 780 1499 imbeeille
808 1433 1050 1499 eonsoribillata
1070 1435 1228 1518 legantur,
1258 1435 1379 1517 optimo

283 1543 353 1607 iure
376 1543 551 1607 oonioimus
574 1540 674 1605 alium
699 1560 780 1623 opus
804 1540 986 1607 delineasse
1007 1542 1108 1607 alium
1130 1540 1282 1608 edidisse.
1325 1541 1380 1605 A·

284 1655 340 1737 qui
363 1655 459 1718 oertis
481 1652 675 1720 testimoniis
697 1651 851 1718 traditum
874 1659 931 1737 est,
954 1652 1051 1736 quod,
1074 1655 1102 1719 si
1125 1675 1189 1720 non
1211 1659 1297 1720 esset
1317 1659 1380 1719 tra-

284 1762 396 1843 ditum,
419 1759 639 1827 indubitanter
658 1766 880 1827 statueremus.
914 1759 986 1839 Qua
1000 1781 1035 1826 re
1053 1760 1187 1827 firmiter
1208 1760 1381 1827 tenendum

284 1874 333 1935 est
366 1870 453 1952 quod
473 1869 639 1954 Diogenes
661 1870 811 1935 Laertius
843 1867 916 1953 (III,
940 1867 992 1953 37)
1016 1868 1136 1935 Suidas
1169 1867 1207 1954 (s.
1231 1890 1263 1935 u.
1285 1862 1382 1955 φιλό-

284 1973 403 2061 σοφος)
419 1977 566 2043 Eudoeia
579 1978 720 2069 tradunt,
735 1977 923 2061 Philippum
939 1976 1115 2061 Opuntium
1135 1976 1278 2044 edidisse
1291 1978 1382 2061 leges

283 2085 437 2151 Platonis.
702 2154 706 2163 ,
1054 2155 1057 2161 ,
1245 2072 1248 2076 ’

385 2193 460 2260 Soio
475 2192 557 2259 haee
565 2199 648 2259 ⁴nota
662 2214 734 2260 esse
749 2194 889 2277 tritaque
904 2195 1061 2278 omnibus,
1077 2195 1133 2277 qui
1147 2180 1182 2260 in
1196 2195 1249 2260 his
1264 2190 1390 2261 studiis

284 2311 462 2388 versantur,
489 2306 716 2388 expressisque
744 2305 853 2370 verbis
876 2306 941 2370 iam
962 2303 1147 2370 Boeekhius
1179 2305 1303 2369 monuit
1331 2302 1383 2369 his

286 2411 334 2498 (in
348 2413 424 2477 Min.
443 2434 474 2497 p.
491 2411 569 2498 73.);
592 2415 761 2497 probabile
777 2420 826 2480 est
841 2414 1031 2497 „repetitam
1051 2413 1272 2478 recensionem
1287 2430 1384 2493 quam

285 2523 369 2587 alias
401 2522 435 2586 in
467 2522 598 2605 seriptis
636 2524 704 2588 suis
736 2523 921 2589 exercuisse
953 2521 1121 2587 Platonem
1157 2518 1385 2585 animadvertit

285 2630 380 2695 Woll.
416 2630 564 2714 Prolegg.
598 2630 641 2696 ad
676 2630 768 2696 Hom.
809 2651 841 2712 p.
865 2628 971 2694 CLIII
1004 2648 1067 2693 non
1098 2648 1170 2694 esse
1205 2628 1385 2694 adhibitam

285 2739 362 2805 huie
376 2738 476 2803 libro:
499 2739 595 2821 plura
616 2740 701 2803 eninr
716 2737 857 2820 vestigia
869 2738 947 2803 lieet
967 2735 1208 2820 deprehendere
1223 2737 1386 2803 moventia

288 2848 514 2931 suspitionem,
530 2866 589 2910 nee
601 2846 783 2911 absolutum
795 2866 868 2910 eum
879 2865 951 2910 esse
967 2865 1027 2911 nee
1042 2847 1229 2929 expolitum,
1242 2865 1301 2911 nee
1311 2845 1385 2910 ulti·

285 2975 371 3019 mam
383 2956 413 3020 ei
425 2975 446 3019 a
457 2955 615 3037 scriptore
628 2974 758 3018 manum
773 2950 965 3018 admotam.“
988 2953 1116 3018 Clarius
1126 2954 1213 3019 idem
1225 2954 1386 3037 expressit

286 3062 446 3146 Miehelet‚
459 3083 531 3128 eum
540 3061 662 3127 diceret
670 3060 1385 3146 (JahrbdeheritlrwissenschaltlieheKritik.
1494 3102 1497 3107 »

277 3171 399 3235 ·Berlin
417 3173 495 3235 1839
511 3191 542 3254 p.
561 3166 654 3253 868):
677 3169 829 3252 „Philipp
844 3189 908 3234 von
924 3166 1014 3251 Opus
1029 3169 1086 3234 hat
1102 3171 1181 3253 also,
1206 3169 1266 3235 eho
1281 3189 1316 3234 er
1331 3169 1386 3235 die

287 3279 456 3362 Epinomis
468 3279 605 3362 sehrieb‚
621 3279 698 3363 jene
710 3276 930 3343 Bruohstileke
941 3277 1386 3360 platoniseherNaehlassen-

289 3386 392 3453 sehalt
412 3387 609 3470 verbunden,
632 3387 778 3470 redigirt,
801 3386 939 3469 stylisirt
960 3383 1026 3450 und
1048 3386 1152 3451 soviel
1171 3385 1308 3450 Zustttne
1333 3404 1386 3467 ge-

288 3493 404 3577 maoht,
422 3494 497 3559 dass
510 3493 579 3559 sioh
593 3495 673 3560 alles
686 3491 942 3578 Unplatonisehe
955 3491 1074 3557 daraus
1086 3491 1245 3575 erkl'atren,
1267 3492 1386 3558 ebenso

289 3590 340 3665 ihr
371 3600 594 3667 Platonisohes
627 3603 706 3667 aber
736 3601 806 3667 sieh
846 3599 937 3665 nieht
971 3599 1186 3683 weglitugnen
1223 3597 1323 3666 l'asst“
1355 3606 1388 3666 et

225 3774 232 3791 s
288 3729 398 3792 porro:
433 3759 540 3792 .....
564 3731 598 3776 es
627 3707 753 3775 moohte
785 3709 842 3773 Ph.
866 3708 896 3774 d.
920 3705 979 3791 Op.
1013 3705 1122 3772 indem
1154 3726 1190 3772 er
1220 3708 1387 3775 vielleioht

289 3815 469 3883 theilweise
500 3807 573 3883 aus
591 3817 649 3883 der
669 3817 874 3901 Erinnerung
906 3815 964 3883 des
997 3813 1204 3881 mitndliehen
1231 3816 1387 3901 Vortrags

292 3924 346 3995 die
367 3925 631 4007 vorgelundenen
651 3923 936 4010 Auizeiehnungen
957 3920 1077 3990 Plato's
1099 3929 1260 4007 erg'ainzte,
1290 3922 1387 3989 dabei

292 4034 382 4098 seine
403 4033 684 4117 Denkungsweise
705 4031 773 4098 und
803 4034 898 4101 einen
925 4028 1106 4119 popularem
1128 4030 1308 4097 Oharakter
1329 4030 1387 4097 des
1479 4052 1483 4061 ·

291 4140 557 4225 Philosophirens
589 4140 857 4226 hereingebraeht
888 4143 1004 4228 haben,
1031 4140 1179 4208 vollends
1205 4139 1260 4208 die
1281 4140 1388 4206 Plato·

292 4249 414 4328 nisohe
437 4249 624 4317 Sehreibart
655 4272 716 4317 nur
752 4251 1013 4319 unvollkommen
1049 4250 1156 4323 haben
1186 4247 1388 4317 naehahmen
