3312 4906
770 368 812 429 43

245 556 371 645 κλοπῆς
403 550 513 639 ndqu
543 551 620 636 πέρι
650 550 707 616 καὶ
736 541 945 635 ὤικημᾶτων
978 542 1184 632 ξυμπάντων,
1216 548 1271 613 καὶ
1302 537 1343 613 οὗ

245 663 476 749 δυσχεραντέον
506 684 534 730 θ.
555 684 587 747 q.
608 684 634 729 a
675 663 737 728 His
768 662 856 728 enim
886 662 1075 745 provocaris
1107 666 1143 725 ut
1173 660 1343 743 primum

246 796 383 860 quaeras
404 774 445 842 de
466 775 649 857 sacrilegio,
670 770 713 839 de
734 773 850 856 quovis
870 772 949 837 iurti
976 791 1105 854 genere,
1130 768 1172 836 de
1192 770 1342 835 omnibus
1430 842 1435 848 ,

244 885 385 968 denique
406 885 558 969 peccatis
602 883 670 949 Sed
690 901 822 966 prorsus
842 880 926 945 nihil
947 881 1015 945 tale
1041 881 1209 962 sequitur3
1231 898 1337 961 neque

246 987 441 1076 ξυμπάντων
483 983 694 1074 ἀδικημάτων
736 991 852 1057 latebit
890 988 1081 1073 languidum
1123 1008 1196 1054 esse
1244 1007 1342 1070 quam

246 1105 394 1169 maxime.
435 1084 585 1184 Denique
615 1122 681 1167 non
710 1101 877 1181 habemus,
909 1119 973 1180 quo
999 1099 1135 1179 πρῶτον
1156 1088 1343 1164 referamus.

246 1213 361 1296 Itaque
379 1214 532 1295 quoniam
550 1211 604 1277 hic
624 1213 714 1277 locus
732 1231 792 1295 per
820 1231 857 1276 se
878 1211 1021 1275 insiticio
1048 1210 1167 1277 mirum
1187 1214 1343 1290 quantum

177 1358 180 1363 »
248 1324 363 1389 similis
386 1328 445 1405 est,
466 1322 586 1387 lurtum
606 1322 754 1403 quamuis
776 1322 811 1385 in
832 1340 871 1386 eo
893 1326 1167 1401 commemoretur,
1188 1318 1273 1383 nihil
1294 1323 1344 1382 ta·

245 1451 320 1498 men
341 1431 464 1497 valebit
484 1430 527 1496 ad
548 1430 775 1496 infirmandam
797 1436 940 1495 nostram
960 1430 1179 1514 suspicionem
1199 1426 1241 1494 de
1263 1430 1344 1492 857·

246 1546 355 1606 natam
379 1561 421 1606 ex
441 1541 679 1624 comparatione
701 1540 845 1605 locorum
865 1537 944 1603 86οδ
965 1545 999 1604 θῖ
1019 1538 1109 1620 864⁶,
1136 1539 1258 1622 quippe
1285 1538 1342 1603 ubi

246 1669 311 1721 non
330 1655 522 1715 memoretur
543 1650 670 1714 lurtum
816 1654 823 1658 ’

344 1759 484 1841 Reliqua
504 1779 581 1824 vero
600 1759 684 1825 bene
703 1758 877 1824 cohaerent
890 1765 923 1825 et
943 1779 1003 1824 suo
1024 1760 1097 1824 loco
1111 1776 1254 1839 sanoque
1269 1776 1343 1823 eon·

248 1868 321 1933 silio
344 1869 466 1952 scripta
482 1872 532 1933 est
554 1867 732 1952 disputatio
746 1888 831 1950 quae
845 1869 956 1933 statim
970 1868 1117 1951 sequitur
1130 1870 1343 1947 8590-8600,

246 1977 304 2042 ubi
327 1978 503 2060 quaeritur,
529 1997 607 2043 num
628 1978 699 2042 iure
721 1978 808 2043 iusta
827 1978 914 2043 bona
934 1977 1099 2051 dicentum
1126 1976 1286 2043 namhoc
1314 1978 1343 2043 si

247 2105 358 2151 verum
379 2093 465 2152 esset
487 2087 585 2151 etiarn
606 2105 801 2150 summorum
824 2086 1057 2171 suppliciorum
1082 2073 1204 2166 ἄπειρα
1230 2077 1345 2171 παθή-

142 2195 146 2201 ’
246 2215 332 2275 ματα
349 2185 477 2275 πλήθει
500 2190 553 2255 καὶ
576 2189 711 2274 μεγέθει
739 2192 826 2287 bona
851 2192 918 2258 dici
946 2199 1103 2277 oportere.
1148 2191 1239 2270 Quae
1260 2190 1344 2258 diffi-

247 2304 352 2369 cultas
372 2302 435 2368 etsi
461 2322 526 2367 non
547 2303 657 2367 statim
678 2303 823 2385 soluitur,
853 2308 962 2369 tamen
984 2309 1017 2367 θῖ
1047 2301 1091 2368 ad
1122 2323 1191 2371 rem
1210 2301 1290 2367 lacit
1312 2308 1344 2368 et

247 2410 436 2496 profligatur
465 2412 643 2495 posteriore
665 2409 893 2495 disputatione.
924 2411 1097 2478 ¹Immensa
1117 2411 1242 2477 seilicet
1262 2409 1344 2477 haec

246 2540 422 2604 poenamm
442 2521 530 2584 mala
551 2539 623 2584 oum
650 2539 716 2585 non
737 2524 921 2586 statuantur
938 2526 1070 2605 propter
1092 2520 1165 2605 ipsa
1185 2520 1272 2585 mala
1285 2519 1345 2585 sed

246 2634 377 2713 propter
396 2628 482 2694 bona
502 2630 734 2710 consequentia
754 2628 858 2710 malis,
878 2630 951 2714 ipsa
982 2648 1110 2711 quoque
1142 2628 1229 2694 bona
1260 2633 1344 2694 sunt.

247 2738 331 2805 Nam
352 2743 408 2803 aut
431 2737 545 2802 melior
565 2735 602 2801 fit
622 2756 728 2820 poena
748 2736 914 2804 maleficus
937 2743 995 2803 aut
1017 2738 1045 2803 si
1067 2743 1169 2804 morte
1191 2737 1346 2803 multatur
1467 2772 1470 2779 Δ

247 2848 369 2913 lucrum
385 2844 531 2928 sequitur
545 2846 671 2911 civitati
694 2843 831 2929 (86240).
864 2846 907 2911 ut
921 2846 1002 2912 haee
1018 2846 1118 2930 igitur
1131 2846 1214 2912 bene
1231 2864 1267 2912 se
1288 2843 1344 2911 ha·

246 2955 323 3021 bent
347 2962 379 3019 et
399 2955 469 3020 sine
491 2952 615 3020 offensa
637 2955 789 3038 leguntur
810 2956 988 3037 sequentia

272 3100 281 3111 ι
344 3062 429 3126 Nam
460 3081 525 3126 non
552 3061 649 3127 video
676 3063 710 3126 in
735 3081 788 3147 pg.
808 3065 885 3126 863ι
909 3062 989 3145 quid
1016 3063 1177 3129 Zellsrum
1203 3061 1345 3146 potuerit

246 3168 418 3235 offendere.
454 3168 569 3251 Neque
587 3176 637 3235 θεῖ
651 3171 738 3235 enim
751 3176 922 3254 postquam
938 3171 972 3236 in
986 3172 1173 3237 universum
1187 3169 1229 3236 de
1244 3170 1343 3236 inius·
1390 3180 1393 3185 '

246 3280 339 3361 tiliae
360 3285 477 3342 natura
495 3261 675 3360 disputavit
696 3279 844 3363 scriptor,
863 3299 920 3345 eur
933 3298 998 3344 non
1015 3279 1190 3364 procedere
1204 3278 1345 3363 potuerit

246 3386 290 3453 ad
310 3386 447 3452 crimina
469 3405 511 3451 ex
530 3386 624 3451 varia
646 3388 774 3452 animae
806 3386 971 3453 hominum
1002 3387 1111 3472 speeie
1133 3405 1192 3471 per
1223 3386 1344 3454 classes

246 3493 425 3561 dividenda
452 3492 492 3575 (c.
507 3492 593 3574 VII).

346 3601 413 3667 Sed
433 3600 604 3668 redeamus
626 3621 674 3684 eo,
689 3599 775 3667 unde
790 3601 930 3685 digressi
953 3620 1071 3684 sumus,
1085 3600 1256 3668 frustulum
1270 3599 1344 3668 dieo

247 3708 329 3776 illud
348 3708 588 3793 disputationis,
610 3707 698 3793 quod
719 3714 769 3775 θεῖ
796 3709 838 3775 de
858 3709 943 3777 lurto
965 3712 1054 3775 857⁸.
1093 3708 1242 3776 Vidimus
1263 3708 1344 3777 haec

246 3818 348 3883 verba
368 3818 480 3902 inepta
501 3837 573 3884 θεεθ
594 3817 656 3883 hoc
676 3819 758 3900 loco,
777 3819 941 3884 contraria
962 3819 1097 3885 oonsilio
1114 3817 1344 3904 disputationis

248 3928 423 4012 sequentis,
445 3929 576 4013 neglegi
600 3927 741 4011 denique
763 3927 890 3993 duobus
909 3927 991 3993 loeis
1005 3926 1249 4011 posterioribus,
1273 3926 1344 4009 qui·

247 4035 308 4101 bus
331 4036 478 4120 scriptor,
501 4037 529 4102 si
544 4035 783 4120 quiddixisset
795 4034 837 4100 de
851 4035 945 4118 iurto,
969 4032 1159 4101 debebat‘id
1172 4034 1343 4119 respicere.

247 4142 399 4210 Attamen
417 4151 519 4229 erunt,
541 4146 598 4227 qui
619 4144 662 4210 ab
684 4142 798 4211 eodem
822 4163 917 4229 posse
938 4141 1020 4210 haee
1042 4149 1108 4209 tam
1122 4143 1207 4208 male
1221 4141 1344 4209 condor·

249 4258 338 4320 mata
358 4272 430 4320 esse
452 4252 593 4320 credant.
633 4253 792 4319 Desinant
811 4258 919 4319 autem
933 4251 1061 4318 Platoni
1083 4256 1190 4318 tantas
1205 4251 1344 4335 ineptias
