3312 4906
792 266 833 373 m

270 489 335 556 sint
347 509 408 556 neo
422 511 494 557 oum
509 491 718 573 sequentibus
739 491 960 573 cohaereant),
983 497 1107 560 stamen
1129 494 1215 562 enim
1236 494 1362 562 firmum

270 622 342 673 esse
364 611 499 691 oportet,
520 608 659 689 mollius,
689 612 724 673 ut
744 608 873 674 facilius
895 607 999 691 cedat,
1030 608 1206 675 subtemen.
1250 610 1365 694 Itaque

270 716 446 783 maioribus
477 718 720 801 minoribusque
751 717 994 802 magistratibus
1028 720 1084 802 qui
1104 718 1278 803 iungantur
1309 717 1378 786 ho·⁴

269 827 372 892 mines
394 825 548 893 discerni.
562 831 689 910 oportet
716 826 863 894 adhibita
884 826 1076 894 eruditionis
1098 829 1229 912 trutina,
1262 829 1366 894 itaut

270 935 524 1018 quotiescunque
545 935 677 1002 creandi
700 937 774 1020 sint,
795 957 855 1020 pro
877 942 970 1020 parte
992 936 1184 1004 eruditionis
1207 943 1363 1005 creentur.

374 1058 441 1126 Sed
474 1065 574 1141 totam
605 1058 689 1126 hano
717 1048 887 1144 periodum
924 1062 1034 1145 inepte
1071 1061 1181 1127 verbis
1208 1055 1364 1144 καθάπερ

270 1152 332 1232 οδν
353 1162 393 1254 δὴ
414 1169 518 1251 primo
541 1169 658 1251 capitis
681 1170 846 1235 enuntiato
869 1170 1022 1253 subiungi
1043 1189 1137 1236 nemo
1157 1189 1223 1236 non
1238 1171 1364 1236 sentiet.

267 1276 376 1360 Atque
398 1277 496 1343 etiam
516 1276 616 1344 verba
638 1295 722 1360 quae
744 1284 940 1361 sequuntur:

376 1396 471 1467 ἐστόν
491 1399 549 1484 γὰρ
565 1395 606 1486 δή
627 1395 686 1468 δύο
707 1401 876 1480 πολιτείας
897 1396 977 1488 εἷ’δη,
996 1397 1035 1468 τό
1057 1400 1117 1485 μὲν
1139 1394 1247 1486 ἀρχῶν
1268 1426 1366 1468 κατα-

270 1503 401 1587 στάσεις
421 1504 577 1588 ἓκάστοις,
600 1508 639 1575 τό
660 1509 697 1576 δὲ
717 1504 813 1593 νόμοι
833 1515 907 1589 ταῖς
920 1502 1034 1595 ἀρχαῖς
1047 1501 1275 1589 ἀποδοθέντες
1295 1534 1367 1597 per·
1459 1572 1464 1581 ,

272 1622 389 1686 mirum
425 1625 475 1687 est
508 1621 581 1700 visa
617 1638 688 1687 esse
721 1620 899 1710 editoribus
938 1621 1110 1689 cohaerere
1147 1643 1220 1688 cum
1258 1624 1367 1706 priore

272 1730 424 1795 membro.
466 1728 518 1793 An
543 1730 627 1794 inest
652 1730 687 1794 in
707 1729 833 1796 duobus
854 1729 906 1796 his
925 1730 1203 1797 administrandae
1224 1732 1367 1798 civitatis

203 1874 211 1880 -
273 1839 446 1921 generibus
473 1857 589 1903 caussa
610 1832 706 1920 (γὰρ),
739 1858 796 1904 our
817 1838 947 1905 differre
969 1840 1053 1906 inter
1075 1859 1110 1905 se
1132 1839 1280 1906 dicantur
1301 1862 1367 1906 ma-

274 1947 358 2017 iores
381 1950 412 2012 et
433 1946 572 2011 minores
588 1945 817 2029 magistratus?
857 1946 999 2030 Minime,
1021 1948 1145 2030 opinor,
1168 1947 1225 2014 sed
1248 1949 1368 2014 omissa

273 2057 381 2139 priore
403 2053 622 2138 disputatione
643 2076 760 2122 novam
778 2054 860 2122 haee
881 2057 981 2122 verba
1002 2055 1167 2139 inducunt,
1189 2076 1272 2145 quae
1295 2058 1368 2141 ipsa
1389 2102 1397 2109 -
1458 2057 1460 2062 ’

274 2165 523 2247 quoque‘statim
533 2165 680 2248 abrupta,
696 2165 789 2231 initio
804 2164 933 2231 demum
946 2165 1023 2230 libri
1035 2165 1120 2231 sexti
1131 2165 1237 2232 denuo
1251 2164 1368 2232 iisdem

273 2274 382 2340 verbis
410 2274 580 2357 excipitur,
613 2275 660 2339 ita
680 2280 788 2340 tamen
816 2279 851 2339 ut
884 2294 1016 2357 prorsus
1042 2294 1128 2340 nova
1148 2274 1293 2358 proferre
1313 2274 1369 2341 hic

274 2383 411 2465 scriptor
424 2381 575 2447 videatur
595 2402 655 2448 nec
669 2383 736 2448 ullo
751 2383 850 2448 verbo
867 2381 955 2448 hunc
974 2387 1119 2448 nostrum
1138 2383 1244 2448 locum
1266 2384 1368 2465 respi-
1396 2428 1401 2435 ι

178 2485 182 2493 ’
274 2484 352 2548 ciat:
364 2485 440 2545 751⁶
452 2484 527 2546 Ao.
540 2476 620 2544 ἀλλὰ
630 2476 693 2567 μὴν
703 2475 786 2564 μετά
800 2504 835 2565 γε
848 2475 955 2545 πάντα
964 2476 1006 2544 τα
1017 2483 1073 2546 νῦν
1087 2477 1238 2564 εἰρημένα
1253 2476 1369 2563 σχεδόν

273 2583 316 2654 ἀν
337 2581 447 2671 ἀρχῶν
468 2580 533 2653 εἶέν
554 2609 608 2655 σοι
627 2588 839 2666 καταστάσεις
853 2591 894 2677 τῇ
908 2588 1015 2654 πόλει.
1052 2588 1110 2654 Κλ.
1145 2583 1211 2670 ἔχει
1229 2584 1288 2673 γὰρ
1312 2576 1369 2654 οὖν

275 2691 389 2775 οὕτως.
411 2702 485 2764 Ao.
510 2691 585 2763 Δύο
610 2691 698 2783 εἴδη
724 2699 849 2763 ταῦτα
870 2696 966 2779 περὶ
988 2696 1195 2775 πολιτείας
1215 2691 1368 2780 κόσμον

271 2799 486 2890 γιγνόμενα
500 2809 521 2883 ¹)
542 2801 697 2892 τομχόνει,
719 2809 854 2890 πρῶτον
871 2805 931 2888 μὲν
946 2804 1219 2883 καταστάσεις
1237 2797 1369 2888 ἀρχῶν

274 2937 310 2980 τε
344 2912 399 2979 καὶ
430 2905 603 2997 ἀρξόντων,
645 2910 723 2993 όσας
749 2938 785 2980 τε
818 2907 920 2992 αάτάς
957 2905 1041 2979 εἶναι
1069 2914 1121 2979 δεῖ
1159 2913 1213 2978 καὶ
1240 2902 1367 2996 τρόπον

275 3015 384 3087 όντινα
402 3020 651 3105 καθισταμένας·
675 3019 791 3089 ἔπειτα
813 3017 904 3088 οὕτω
927 3018 973 3109 δη
989 3017 1085 3100 τούς
1105 3015 1257 3103 νόμους
1278 3024 1369 3099 ταῖς

274 3122 419 3214 ἀρχαῖς
441 3124 636 3208 ἑκάστοις
656 3122 896 3215 ἀποδοτέον,
918 3125 1067 3208 οὕστινάς
1079 3153 1115 3195 τε
1130 3115 1172 3195 αὖ
1194 3129 1249 3221 καὶ
1272 3123 1370 3206 όσονς

178 3275 180 3279 ·
274 3238 329 3304 καὶ
350 3232 441 3316 Ιοἵους
462 3238 631 3326 προσῆκον
651 3232 691 3303 ἂν
712 3233 865 3317 ἑκάσταις
885 3235 944 3324 εἶή.
971 3275 1009 3285 -
1031 3239 1132 3306 Vides
1153 3239 1235 3307 haec
1257 3239 1371 3306 eadem

277 3368 348 3414 esse
378 3346 437 3413 sed
470 3349 682 3431 explicatione
710 3355 742 3414 et
772 3349 892 3414 rectius
915 3367 1077 3431 expressa.
1128 3344 1258 3429 Optime
1285 3346 1371 3412 enim
1420 3396 1425 3405 .

275 3456 521 3538 magistratuum
553 3456 712 3521 institutio
745 3461 777 3520 et
802 3456 911 3538 legum
941 3454 1021 3520 latio
1054 3452 1118 3519 duo
1151 3453 1302 3529 dicuntur
1322 3453 1371 3519 rei

275 3564 426 3648 publicae
447 3558 787 3629 administrandae
808 3561 897 3628 modi
918 3554 990 3638 (δύο
1016 3553 1086 3645 εἴδη
1102 3560 1180 3641 περὶ
1202 3558 1371 3636 πολιτείας

275 3663 429 3752 κόσμον
455 3665 646 3754 γιγνόμενα).
697 3671 817 3737 (bontra
848 3690 962 3754 parum
993 3670 1165 3755 perspicua
1198 3688 1281 3752 quae
1313 3668 1370 3733 illo

275 3782 347 3847 loco
369 3764 538 3846 occurrant
559 3800 679 3863 genera
700 3779 878 3845 civitatis
900 3770 985 3861 (εἴδη
1006 3775 1238 3858 πολιτείας).

375 3888 540 3955 Habemus
562 3889 662 3972 igitur
684 3889 718 3952 in
738 3888 822 3954 libro
844 3887 956 3969 quinto
983 3887 1175 3971 particulam
1209 3882 1372 3967 quandam

277 3996 507 4082 disputationis
543 3995 585 4063 de
624 3995 801 4062 maioribus
838 3995 1082 4076 minoribusque
1119 3990 1372 4077 magistratibus,

383 4218 412 4290 1)
431 4213 600 4292 γιγνόμενον
617 4218 643 4275 Α
660 4220 733 4274 teste
751 4217 886 4275 Bekkerc.
