3312 4906
820 385 860 446 34

294 562 437 629 iudicum
469 563 502 627 in
534 561 598 627 fine
630 562 737 645 operis
769 581 906 653 quaeres
938 561 1069 628 dictum.
1114 562 1165 626 De
1195 560 1257 627 hoc
1290 561 1390 643 igitur

293 672 435 737 membro
456 677 579 737 rectum
600 670 684 736 vidit
704 670 916 735 Hermannus.

383 778 527 847 ¹Accedit
549 780 615 844 alia
636 778 811 845 difficultas
827 780 861 843 in
879 799 915 843 re
930 779 1003 862 ipsa
1016 779 1132 861 posita.
1168 777 1388 843 Admonentur
1486 776 1490 779 ’

294 890 380 956 enim
402 888 537 971 iudices,
559 894 595 953 ut
609 888 732 972 scripta
753 888 950 970 legislatoris
972 886 1106 952 firmiter
1127 888 1234 951 animo
1250 890 1389 952 teneant.

294 998 455 1064 Nimirum
476 1017 543 1061 non
568 1002 703 1080 possunt
736 995 861 1061 iudices
883 995 1059 1061 secundum
1091 995 1288 1078 legislatoris
1315 1013 1403 1059 oon*

294 1107 403 1171 silium
425 1104 579 1188 iudicare,
601 1106 665 1170 nisi
688 1110 838 1169 accurate
853 1104 1078 1188 perspexerint
1092 1109 1125 1168 et
1139 1103 1389 1185 diligentissime

294 1193 474 1296 observent,
499 1233 583 1295 quae
606 1213 661 1278 ille
683 1211 723 1278 de
745 1232 810 1278 una
824 1214 943 1278 virtute
965 1213 1060 1296 quasi
1081 1210 1288 1277 tundamento
1310 1211 1388 1276 civi·

292 1322 369 1386 tatis
390 1320 550 1387 monuerit
582 1320 656 1399 (hac
682 1321 768 1385 enim
796 1341 861 1387 una
892 1320 1012 1386 virtute
1033 1313 1251 1401 παραλλάττει
1273 1320 1388 1384 civitas

292 1429 461 1496 Platonica
487 1430 554 1492 τῶν
582 1427 715 1493 πολλῶν
746 1426 779 1492 ἐν
800 1432 872 1505 ταῖς
899 1417 1012 1504 ἄλλαις
1033 1420 1153 1493 πόλεσι
1181 1425 1315 1491 δικαίων
1335 1425 1390 1491 καὶ

291 1535 448 1621 ἀγαθῶν).
481 1537 561 1621 xSed
594 1537 645 1602 his
667 1538 873 1620 generalibus
905 1537 1089 1621 praeceptis
1115 1556 1172 1621 cur
1193 1535 1389 1618 adiungatur

292 1648 449 1712 monitum
463 1645 545 1711 illud
567 1647 731 1728 singulare
747 1652 845 1728 atque
859 1646 1017 1711 minutum
1034 1644 1075 1710 de
1091 1645 1219 1710 silentio
1235 1643 1396 1726 iudicum,

293 1774 392 1821 causa
413 1755 526 1836 nequit
548 1754 704 1836 intellegi.

392 1861 483 1939 Quae
516 1882 589 1928 cum
621 1863 669 1926 ita
700 1862 774 1945 sint,
807 1861 938 1927 diversa
969 1862 1120 1927 videntur
1151 1862 1204 1927 hic
1233 1862 1388 1927 inunum

293 1970 406 2053 coisse,
429 1970 476 2034 ita
497 1975 532 2036 ut
564 1974 637 2053 post
669 1969 803 2035 verbum
824 1959 1016 2033 coiceretur
1038 1970 1188 2035 lacunam
1209 1977 1387 2035 statuamus

293 2075 449 2161 oporteat,
481 2097 546 2143 non
567 2083 675 2142 tamen
707 2083 809 2142 ortam
831 2097 903 2143 eam
936 2078 1061 2144 incuria
1092 2078 1297 2151 librariorum
1329 2077 1387 2143 sed

293 2186 428 2252 editoris
442 2206 539 2250 manu
554 2168 742 2270 imperiecta
752 2186 898 2252 Platonis
909 2186 1046 2253 irustula
1056 2187 1142 2252 male
1158 2187 1387 2272 componentis.

391 2294 539 2360 Breviter
561 2314 654 2377 nunc,
687 2314 771 2377 quae
798 2295 839 2360 de
861 2295 986 2370 duobus
1016 2295 1067 2360 his
1094 2296 1170 2360 libri
1199 2295 1245 2361 VI
1267 2300 1299 2361 et
1319 2294 1387 2360 XII

293 2403 455 2487 capitibus
477 2403 570 2468 nobis
592 2402 760 2470 videamur
782 2402 938 2486 effecisse,
969 2406 1210 2488 perlustremus.
1250 2408 1281 2469 1:
1313 2392 1387 2469 Non

291 2512 489 2595 promittitur
527 2511 582 2594 VI,
625 2514 663 2574 13
706 2532 791 2577 nova
832 2512 911 2593 περὶ
948 2510 1163 2598 δικαστηρίων
1197 2512 1386 2597 disputatio.

293 2625 328 2684 2:
362 2618 566 2686 Contrarium
593 2626 642 2685 est
674 2621 809 2686 consilio
842 2620 999 2705 Platonis,
1030 2627 1066 2686 ut
1086 2621 1170 2686 libro
1192 2620 1259 2685 XII
1280 2619 1386 2686 denuo

293 2726 335 2793 de
356 2728 488 2793 iudiciis
510 2727 697 2793 disseratur.
735 2732 768 2795 3:
792 2729 972 2811 Utrumque
1000 2734 1098 2814 caput
1122 2729 1270 2811 neglecto
1285 2731 1386 2795 altero

293 2837 448 2920 scriptum
470 2842 527 2902 est.
571 2840 604 2902 4:
618 2837 770 2929 ¹Alterum
804 2843 902 2921 caput
935 2838 968 2902 in
1001 2838 1072 2922 ipso
1094 2837 1267 2903 libro.XII
1299 2838 1387 2903 inex-

292 2951 455 3029 pectatum
485 2947 624 3011 occurrit
655 2965 714 3011 nec
746 2947 813 3011 ullo
845 2945 941 3011 modo
974 2966 1046 3012 cum
1077 2946 1194 3012 vicinis
1227 2945 1386 3012 cohaeret.

294 3057 329 3118 5:
367 3052 547 3119 conflatum
583 3060 632 3119 est
670 3054 731 3119 hoc
768 3061 865 3138 caput
901 3074 942 3120 ex
977 3055 1196 3139 compluribus
1231 3055 1386 3137 irustnlis,
1459 3060 1462 3067 “

292 3181 430 3245 quorum
451 3146 516 3227 duo
537 3182 652 3228 manca
672 3162 832 3229 videntur.
867 3165 869 3169 ’
1187 3232 1193 3239 ‚

391 3270 555 3337 Hactenus
577 3291 654 3337 vero
677 3292 749 3338 cum
770 3272 884 3337 liceret
904 3277 994 3337 certa
1008 3272 1161 3356 progredi
1181 3273 1245 3355 via,
1268 3255 1386 3355 anceps

293 3401 378 3446 nunc
400 3386 432 3446 et
453 3381 640 3463 ambiguum
672 3382 818 3463 sequitur
850 3379 999 3464 officium,
1031 3380 1168 3464 utquid
1201 3377 1276 3445 inde
1298 3380 1386 3445 oolli-

294 3488 435 3572 gendum
463 3490 519 3555 sit
556 3488 732 3555 videamus.
791 3489 906 3571 ltaque
943 3495 980 3555 ut
1019 3489 1199 3573 periculum
1229 3489 1386 3555 iaciamus

294 3597 508 3681 coniectandi,
531 3617 583 3664 res
605 3596 726 3663 accidit
742 3598 881 3663 fortasse
903 3598 959 3663 sic.
997 3597 1175 3664 Consilium
1195 3598 1300 3664 iuerat
1313 3597 1386 3662 Pla·
1444 3660 1447 3665 ,

293 3708 388 3790 tonis,
410 3713 445 3772 ut
467 3706 639 3792 descriptis
662 3707 776 3789 (1.le
808 3707 1051 3789 magistratibus
1087 3706 1128 3773 de
1151 3706 1281 3774 iudiciis
1303 3706 1386 3774 iudi-

294 3815 450 3898 cibusque
472 3836 556 3899 quae
578 3815 713 3882 haberet
734 3815 900 3900 proierret.
935 3815 1045 3882 Pauca
1066 3822 1190 3882 tantum
1215 3816 1387 3882 continuae
1499 3828 1502 3834 '

293 3924 369 3990 libri
392 3924 441 3988 IX
473 3923 572 3988 δικῶν
605 3924 815 4009 descriptioni
837 3925 1015 4005 reservavit
1040 3926 1207 4008 noluitque
1228 3925 1293 3990 alio
1315 3925 1386 3990 loco

293 4032 411 4098 iterum
432 4032 473 4099 de
495 4032 547 4099 his
569 4035 720 4100 continuo
742 4035 912 4101 disserere.
958 4035 1028 4100 Iam
1049 4054 1126 4101 vero
1147 4035 1386 4100 meminerimus

295 4141 393 4207 etiam
425 4144 516 4229 prius
537 4149 635 4227 caput
667 4142 730 4229 (cp.
753 4144 837 4210 XIII
857 4144 934 4210 libri
955 4143 1014 4224 VI)
1045 4165 1160 4228 parum
1191 4143 1386 4228 perpolitum

295 4249 390 4317 nobis
405 4253 512 4318 visum
524 4272 605 4319 esse.
638 4254 744 4338 Atque
759 4253 822 4321 huc
837 4254 990 4339 quoniam
1003 4252 1131 4320 accedit
1145 4251 1232 4336 quod
1248 4252 1289 4319 dc
1309 4241 1402 4317 libri
