3312 4906
861 361 1003 424 28*

334 545 558 645 δικαστηρίων,
587 544 645 611 sed
667 542 744 627 περὶ
765 545 865 609 δικῶν
885 545 1045 629 promittit
1067 564 1101 610 se
1124 544 1183 610 sub
1205 543 1301 608 finem
1323 544 1429 626 opens

335 659 495 725 dicturum
509 675 593 722 esse:
616 648 746 731 ταύταις
761 652 844 738 (scil.
860 657 949 730 ταῖς
964 652 1104 735 δίκαις)
1125 651 1185 735 μὲν
1202 639 1259 717 οὖν
1280 646 1428 745 εἰρήσθω

334 762 420 850 ττρδς
457 768 504 850 τῷ
536 763 621 828 τέλει
652 762 838 846 περιμένειν
871 761 962 846 ἡμᾶς.
1017 764 1089 843 Qua
1120 785 1155 830 re
1187 763 1267 828 mihi
1299 748 1430 845 quidem

336 878 550 944 certissimum
573 879 631 956 est,
653 858 816 958 pertinere
830 874 911 940 haec
932 874 1033 939 verba
1054 874 1101 939 ad
1122 873 1242 939 totam
1263 875 1431 957 posteri-

336 1008 437 1054 orem
459 987 566 1070 operis
588 990 713 1068 partem
745 1005 829 1066 quae
862 990 911 1049 est
933 984 974 1049 de
996 985 1178 1049 actionibus
1206 983 1282 1049 inde
1304 983 1429 1048 alibro

337 1072 387 1162 IX
409 1093 452 1180 (si
468 1095 611 1161 adsumis
626 1095 715 1177 leges
737 1096 883 1177 agrarias
906 1095 941 1157 in
955 1084 1018 1159 fine
1033 1094 1109 1158 libri
1124 1094 1204 1158 VIII
1226 1092 1429 1177 explanatas)

334 1226 437 1289 usque
459 1204 502 1270 ad
524 1204 620 1269 finem
641 1190 843 1284 νομοθεσίας
859 1204 898 1283 1);
920 1224 1035 1285 ,eaque
1058 1205 1221 1288 expressis
1247 1204 1356 1269 verbis
1385 1205 1432 1268 ita

335 1315 499 1381 inducitur
520 1316 612 1377 853⁰:
644 1307 740 1376 Λίκαι
772 1309 812 1399 δὴ
844 1306 886 1375 τά
916 1302 999 1393 μετὰ
1028 1311 1135 1376 ταῦτα
1155 1306 1339 1377 ἀκόλουθοι,
1359 1314 1431 1389 ταῖς

335 1421 530 1506 ἔμπροσθεν
551 1414 709 1505 πράξεσιν
740 1414 883 1498 άπάσαις
917 1407 1010 1486 οὖσαι
1039 1415 1122 1486 κατά
1146 1415 1249 1508 φύσιν
1272 1420 1430 1505 γίγνοιντο

332 1526 372 1597 ἂν
386 1527 447 1618 τήν
467 1532 526 1620 τῆς
538 1525 790 1615 διακοσμήσεως
804 1533 872 1594 τῶν
890 1525 1008 1613 νόμων.
1038 1525 1193 1594 Ὥντινων
1212 1516 1270 1595 οὖν
1291 1526 1331 1617 δν)
1354 1529 1431 1613 ττέρι

334 1643 386 1707 δεῖ
396 1640 563 1726 γίγνεσθαι
583 1639 683 1724 δίκας,
705 1634 815 1722 τὰμὲν
827 1634 961 1723 εἴρηται,
975 1637 1016 1703 τά
1026 1643 1051 1719 2)
1062 1635 1144 1703 κατά
1157 1639 1313 1725 γεωργίας
1323 1664 1359 1704 τε
1378 1640 1432 1705 καὶ

335 1746 397 1816 ὅσα
417 1745 547 1827 τούτοις
569 1750 693 1827 ciriaco,
729 1744 770 1813 τά
791 1749 833 1814 δὲ·
845 1748 980 1833 μέγιστα
1001 1738 1080 1813 οὕτε
1104 1745 1230 1833 εἴρηταί
1251 1774 1316 1828 oto,
1353 1751 1430 1814 καθ’

334 1857 371 1927 ἓν
392 1855 527 1925 ἕκαστόν
545 1883 581 1923 τε
603 1852 777 1942 λεγόμενον
793 1862 827 1940 3),
851 1851 889 1943 ἣν
913 1859 964 1923 δεῖ
983 1852 1158 1940 λαμβάνειν
1178 1849 1258 1924 αδτδ
1273 1858 1432 1942 τιμωρίαν

335 1969 388 2034 καὶ
412 1969 510 2034 τίνων
535 1968 619 2034 rocoa*
639 1969 799 2032 δικαστῶν
820 1962 993 2051 τυγχάνειν,
1029 1970 1099 2049 μετ’
1131 1966 1225 2032 ἐκεῖν’
1252 1961 1335 2033 αὐτοὶ
1357 1964 1430 2057 ἑξῆς

334 2082 435 2144 ταῦτα
456 2078 579 2164 ῥητέον.

442 2189 620 2255 Consilium
652 2196 760 2256 autem
795 2210 859 2272 quo
891 2191 1026 2264 alteram
1058 2188 1140 2254 hanc
1176 2189 1275 2254 totius
1319 2191 1426 2274 operis

335 2305 469 2383 partem,
493 2320 576 2382 quae
598 2299 639 2365 de
654 2300 780 2382 legibus
796 2305 845 2364 est
857 2298 931 2364 inde
953 2300 1077 2380 alibro
1092 2299 1138 2385 VI
1153 2319 1254 2381 usque
1269 2299 1312 2364 ad
1327 2299 1431 2382 finem,

335 2410 368 2472 in
384 2408 465 2474 duas
480 2408 644 2499 divideret.
665 2401 841 2493 particulas
860 2408 921 2474 hoc
935 2410 1006 2490 luit,
1028 2414 1063 2473 ut
1078 2410 1215 2492 primum
1231 2429 1430 2475 communem

336 2517 494 2583 hnmanae
516 2519 603 2584 vitae
632 2518 777 2584 habitum
802 2538 970 2600 moresque
995 2517 1160 2582 hominnm
1183 2507 1280 2583 certis
1302 2519 1431 2601 legibus

1513 532 1521 565 l

332 2626 372 2692 de
394 2628 597 2692 matrimonio
627 2627 668 2692 de
689 2629 801 2692 liberis
827 2626 1035 2712 procreandis
1064 2626 1240 2692 educandis
1272 2628 1431 2694 similibus
1515 2660 1518 2671 »

334 2735 554 2801 moderaretur
576 2735 719 2819 (-Vssl‚
742 2736 844 2819 842⁶),
878 2735 995 2801 deinde
1016 2721 1092 2800 rcro
1115 2756 1170 2801 eas
1193 2757 1277 2818 quae
1292 2757 1333 2802 ex
1356 2757 1431 2802 oon-

333 2865 427 2910 cursu
461 2840 716 2928 commercioque
746 2845 911 2939 hominum
932 2851 1106 2915 nascuntur
1138 2846 1213 2911 lites
1250 2852 1283 2911 et
1305 2852 1429 2911 contro-

331 2955 456 3020 versias
479 2960 692 3038 componeret.
1352 3010 1354 3015 .

431 3063 500 3129 Hoc
523 3064 622 3146 igitur
643 3065 736 3129 nobis
757 3068 826 3129 esto
848 3063 988 3145 positum
1010 3084 1075 3127 non
1090 3065 1234 3146 promitti
1255 3065 1326 3129 loco
1348 3070 1431 3128 trac-

332 3177 399 3236 tato
415 3192 531 3236 novam
549 3170 589 3237 de
609 3171 739 3237 iudiciis
755 3171 1014 3256 disputationem.
1046 3171 1221 3250 Quaeritur
1236 3174 1335 3256 igitur
1354 3193 1430 3238 num

333 3300 385 3346 res
407 3281 557 3364 postulet,
579 3286 614 3345 ut
641 3281 688 3346 eis
713 3300 796 3363 qnae
816 3281 871 3363 VI,
907 3285 945 3344 13
969 3280 1010 3347 de
1034 3280 1164 3347 iudiciis
1187 3283 1335 3365 exposita
1357 3287 1431 3375 sunt
1462 3328 1468 3337 .

333 3391 399 3454 alia
426 3388 594 3454 addantur.
617 3390 868 3455 ,Necessarium
894 3411 970 3456 vero
1000 3396 1144 3473 nonest,
1179 3391 1342 3475 copiosius
1364 3392 1429 3455 alio

333 3500 404 3563 loco
427 3497 562 3564 eandem
584 3520 652 3563 rem
674 3500 801 3583 exponi.
838 3499 919 3564 Eam
941 3500 1026 3565 enim
1041 3501 1179 3584 scriptor
1204 3501 1361 3565 rationem
1383 3519 1431 3565 se-

334 3609 452 3690 quitur,
474 3593 518 3672 ut
532 3609 684 3690 graviora
698 3613 822 3672 tantum
839 3609 1008 3705 legislator
1037 3629 1137 3674 senex
1156 3608 1306 3691 delineet,
1329 3610 1431 3673 minu-

332 3718 418 3781 tiora
446 3722 555 3782 autem
577 3717 687 3820 iuveni
711 3752 746 3761 -
771 3721 806 3780 ut
828 3716 909 3781 dicit
930 3753 971 3763 —
993 3718 1173 3800 legislatori
1199 3719 1430 3800 relinquantur.
1514 3734 1529 3753 ⁸

434 3883 461 3953 1)
480 3881 551 3937 Nam
570 3882 605 3936 ad
625 3883 702 3940 δίκας
726 3881 869 3951 pertinent
896 3882 981 3936 ctiam
1009 3879 1158 3955 ξυμβόλαια
1190 3888 1219 3937 et
1243 3901 1312 3952 quae
1338 3901 1371 3938 cx
1393 3883 1432 3937 eis

335 3978 464 4034 oriuntur
475 3979 546 4038 1lites
563 3984 646 4047 atque
665 3980 880 4033 controversiae.

349 4108 352 4121 ι
434 4077 462 4146 2)
480 4073 512 4129 τὰ
531 4093 576 4130 om
594 4077 618 4129 A
638 4094 680 4146 pr.

438 4173 466 4242 3)
480 4167 637 4245 ,λεγόμενον
664 4175 747 4241 (inde
750 4190 766 4227 ν
784 4171 817 4226 Α.
837 4172 913 4241 quod
931 4172 997 4227 eicit
1012 4173 1201 4243 Hermannus3
1229 4173 1428 4229 Stallbnumius

340 4267 580 4324 Winkelmannus:
601 4263 757 4342 διαρρήδην.
