3312 4906
264 594 337 640 esse
366 575 400 637 in
429 573 537 654 legum
559 572 692 636 civitate
715 569 848 636 deorum
880 592 1047 637 numerum
1079 578 1111 638 et
1133 571 1357 657 Olympiorum

162 728 166 733 -
261 690 293 749 et
326 683 498 747 inferorum
532 683 699 764 geniorum
743 679 885 745 heroum.
940 680 1006 747 Sed
1038 702 1197 764 nusquam
1228 690 1358 766 praeter

260 793 345 858 hunc
368 812 465 857 unum
487 792 593 856 locum
615 790 820 857 contenditur
841 810 986 855 omnem
1003 793 1265 875 superstitionem
1288 794 1358 859 sine

260 904 328 968 ulla
364 902 554 984 exceptione
592 899 764 966 tenendam
794 921 866 966 esse
901 907 933 967 et
965 901 1134 966 colendam
1167 903 1357 993 legislatori.

259 1013 360 1076 Immo
384 1012 533 1093 quotiens
550 1011 591 1075 de
604 1010 656 1075 his
673 1011 770 1076 rebus
787 1010 932 1091 disserit,
955 1013 1118 1094 expressis
1134 1012 1243 1077 verbis
1266 1030 1358 1094 prae·

260 1120 350 1203 cipit,
383 1125 418 1184 ut
439 1120 520 1184 tales
552 1139 604 1184 res
637 1120 733 1184 certis
770 1117 898 1201 legibus
927 1119 1229 1184 circumscribantur
1256 1125 1288 1185 et
1309 1139 1358 1185 re·

199 1266 202 1273 ·
260 1234 385 1312 gantur.
405 1228 468 1292 -De
483 1247 546 1310 quo
563 1230 713 1313 copiosus
734 1234 784 1294 est
801 1227 919 1290 mer-a
933 1234 967 1293 et
988 1232 1067 1291 828⁸
1082 1247 1128 1310 sq.
1151 1229 1203 1308 (cl.
1217 1227 1358 1312 7172-1’).
1383 1299 1389 1303 ,

259 1339 359 1403 Porro
379 1339 528 1420 quotiens
546 1338 587 1404 de
607 1338 756 1404 adeundo
772 1340 902 1404 oraculo
915 1339 1067 1421 loquitur,
1085 1338 1206 1423 Delphi
1220 1345 1358 1405 tantum·

261 1447 358 1513 modo
392 1453 693 1512 commemorantur:
726 1454 801 1512 sunt
832 1452 940 1512 autem
972 1447 1008 1512 hi
1039 1449 1103 1513 loci
1133 1449 1248 1513 759θν(1
1279 1451 1356 1514 828⁶

259 1555 338 1620 seth
371 1542 446 1620 914⁶
490 1555 576 1621 947⁶.
628 1555 750 1622 Eodem
782 1558 922 1641 pertinet
954 1557 1041 1640 quod
1072 1559 1278 1629 cautissimus
1309 1566 1359 1626 est

164 1676 168 1685 ’
261 1667 295 1730 in
317 1665 512 1732 adhibendis
534 1666 761 1757 haruspicibus
784 1669 853 1733 sive
868 1669 1045 1752 auguribus
1068 1669 1147 1735 908(1
1171 1669 1258 1754 eleb,
1282 1671 1359 1737 item

263 1776 297 1840 in
330 1775 539 1841 admittendis
571 1776 707 1860 privatis
741 1779 905 1861 mysteriis
940 1779 1028 1843 908⁶.
1080 1781 1230 1864 Denique
1260 1781 1359 1845 velim

260 1889 408 1971 perlegas
431 1887 518 1969 quod
539 1888 574 1951 in
595 1888 658 1953 fine
680 1889 755 1953 libri
778 1889 811 1952 X
832 1890 925 1969 (909⁶
947 1898 979 1957 et
1001 1912 1030 1973 q.
1054 1892 1116 1974 sq.)
1145 1891 1187 1957 de
1208 1891 1358 1958 vetandis

260 2000 396 2082 privatis
430 2002 531 2065 sacris
564 2000 719 2084 disputat,
752 2001 808 2067 ubi
841 2003 960 2067 multus
997 2002 1046 2068 est
1078 2003 1112 2066 in
1144 1999 1359 2084 vituperanda

261 2115 465 2191 aegrotorum
480 2116 512 2174 et
531 2110 701 2175 mulierum
715 2096 960 2211 'superstitiong
978 2118 1013 2177 ut
1027 2132 1153 2176 mecum
1173 2111 1357 2176 consentias

260 2223 293 2281 et
314 2216 394 2282 haec
417 2224 449 2282 et
472 2218 529 2282 illa
549 2239 613 2282 non
634 2220 780 2302 potuisse
802 2219 900 2285 scribi
922 2220 964 2284 ab
987 2219 1109 2284 eodem.

366 2352 457 2431 Quae
472 2353 500 2418 si
512 2354 759 2436 computaveris,
782 2355 816 2418 in
830 2375 934 2419 meam
956 2355 1092 2419 fortasse
1109 2353 1266 2419 concedes
1289 2372 1359 2417 sen-

263 2464 397 2527 tentiam
428 2467 530 2527 totum
561 2454 666 2528 locum
699 2485 763 2528 non
786 2484 857 2529 esse
888 2464 1097 2529 Platonicum.
1141 2463 1223 2528 Puto
1251 2468 1370 2529 autem.

264 2571 317 2637 hic
339 2572 432 2638 nobis
455 2572 640 2656 contigisse,
673 2579 708 2637 ut
734 2593 844 2637 veram
870 2571 1005 2638 editoris
1037 2592 1102 2636 non
1123 2572 1219 2637 modo
1241 2591 1360 2655 perpo-

263 2682 372 2746 lientis
396 2681 453 2746 sed
475 2683 554 2747 satis
581 2683 740 2748 violenter
762 2683 987 2766 interpolantis
1019 2702 1149 2746 manum
1182 2679 1360 2764 deprehen-

263 2789 419 2856 deremus.
454 2790 608 2857 Oonleras
631 2793 716 2857 enim
739 2792 820 2859 duos
842 2792 900 2859 hos
922 2793 1025 2858 locos:

324 2926 423 3009 Legg.
447 2924 540 2989 738b:
564 2915 632 2990 οὔτ’
655 2919 694 2990 δν
715 2950 785 2990 και·
908 2927 1059 3011 Epinom.
1096 2925 1190 2988 985⁰:
1226 2916 1358 2987 τούτων

261 3025 482 3120 νὴνέξοῖρχῆς
499 3058 548 3112 τις
564 3036 646 3122 ποιῇ
661 3023 728 3098 cb‘u‘
746 3027 785 3097 δν
833 3031 873 3122 δὴ
893 3037 960 3099 τῶν
982 3032 1079 3098 πέντε
1113 3022 1217 3110 ὅντως
1250 3021 1355 3096 ὄντων

261 3137 403 3206 παλαιὰν
434 3142 680 3231 διεφθαρμένην
713 3141 782 3208 ἐπι·
834 3138 934 3230 ζῴοιν,
978 3138 1046 3229 ὅπῃ
1085 3139 1170 3219 τινὲς
1212 3138 1359 3221 ἐνέτυχον

263 3245 463 3337 σκεοάζηναι,
488 3251 566 3335 περὶ
580 3258 672 3317 θειόν
687 3253 788 3337 γεκαὶ
831 3248 940 3338 ήμῶν,
990 3247 1013 3337 ἢ
1056 3250 1133 3315 καθ’
1177 3246 1281 3314 ὕπνον
1323 3248 1358 3317 ἐν

261 3355 368 3444 ἱερῶν,
392 3354 472 3425 ἅττα
501 3385 538 3426 τε
568 3360 601 3426 ἒν
627 3364 667 3451 τῇ
690 3355 786 3427 πόλει
835 3353 1047 3448 δνοιροπολίρ
1068 3352 1361 3444 προσνοχόντες,ἢ

263 3464 411 3548 ἑκάστοις
446 3466 603 3553 ἱδρῦσθαι
642 3472 694 3536 δεῖ
733 3468 787 3535 καὶ
833 3465 915 3535 κατὰ
936 3464 1048 3558 φήμας
1068 3493 1104 3534 σε
1127 3468 1181 3534 καὶ
1207 3466 1361 3551 μαντείας

262 3563 405 3644 ὧντινων
413 3575 679 3664 ἐπονομάζεσθαι
694 3579 787 3645 θεῶν
833 3578 950 3662 λεχθέν
958 3581 982 3663 ¹)
994 3602 1079 3644 τισιν
1089 3578 1123 3645 ἐν
1134 3569 1249 3655 οἷκοαῖς
1260 3571 1359 3662 ὑμαί-

362 3780 390 3850 1)
409 3779 546 3834 Attendas
574 3780 658 3835 velim
687 3779 756 3834 haec
783 3779 922 3849 expressis
949 3779 1009 3834 lere
1033 3779 1124 3834 verbis
1150 3778 1293 3833 adversari
1319 3778 1360 3833 cis

261 3895 332 3949 quae
349 3877 375 3931 X
394 3877 459 3931 9090
478 3877 558 3931 Plato
587 3875 616 3930 in
644 3877 808 3931 mulieribus
836 3876 1014 3948 aegrotisque
1044 3848 1264 3947 uitbperaverat:
1295 3875 1361 3936 ἔθος

261 3977 366 4045 γυναιξὶ
385 4017 392 4030 .
412 4015 418 4028 .
438 3978 484 4027 καὶ
508 3980 564 4033 τοῖς
590 3969 741 4028 ἀσθενοῦσι
765 4014 772 4031 .
792 4015 799 4027 .
820 4015 826 4028 .
846 3975 994 4045 καθιεροῦν
1019 3991 1047 4026 τε
1074 3971 1104 4026 τὸ
1135 3969 1227 4042 παρὸν
1255 3967 1297 4025 ἀεὶ
1315 3975 1361 4025 καὶ

260 4077 359 4131 θυσίας
383 4064 531 4142 εὔχεσθαι·
546 4074 592 4124 καὶ
620 4066 740 4143 ἱδρύσεις
768 4070 965 4143 ὑπισχνεῖσθαι
994 4077 1070 4129 θεοῖς
1099 4063 1145 4123 καὶ
1170 4069 1285 4140 δαίμοσι
1313 4071 1359 4121 καὶ

262 4173 341 4222 παισὶ
359 4171 441 4236 θεῶν,
465 4168 496 4223 ἓν
512 4186 541 4222 τε
563 4163 713 4241 φάσμασιν
731 4162 913 4240 ἐγρηγορότας
931 4164 977 4220 διὰ
996 4163 1102 4239 φόβους
1120 4168 1165 4220 καὶ
1184 4167 1217 4223 ἐν
1237 4162 1359 4237 ὀνείροις,

261 4262 298 4323 cic
317 4263 342 4315 δ’
361 4260 446 4326 αὔτως
463 4259 543 4334 ὄψεις
563 4262 665 4324 πολλὰς
682 4257 962 4339 ἀπομνημονεύοντας
989 4303 996 4318 .
1018 4305 1024 4321 .
