3312 4906
856 362 894 424 18

430 544 514 610 Nam
534 562 618 626 quae
632 524 742 608 nostro
757 542 945 627 praeposita
964 542 1115 625 leguntur
1136 544 1208 608 loco
1229 542 1270 609 de
1289 542 1422 608 deorum

321 654 530 718 veneratione
550 652 682 734 monita,
704 671 744 716 ea
763 651 991 716 molestissime
1007 652 1162 717 orationis
1178 653 1421 735 continuitatem

216 823 220 831 ,
321 761 453 827 turbare
468 761 626 827 concedes
642 761 671 827 si
693 759 880 843 attenderis,
903 780 965 842 quo
989 760 1103 826 ordine
1118 767 1305 843 sequentem
1320 762 1422 844 scrip·

319 876 370 937 tor
393 871 569 936 instituerit
589 869 851 952 disputationem.
888 868 969 933 Oum
989 870 1076 934 enim
1097 871 1245 935 statuerit
1267 870 1420 935 distribu-

321 979 421 1047 endos
444 1000 516 1045 esse
537 999 643 1063 agros,
678 977 739 1044 hoc
762 984 871 1044 tamen
892 984 1000 1043 monet
1033 984 1162 1044 strenue
1184 978 1420 1045 observandum

320 1109 401 1173 esse,
430 1094 466 1155 ut
498 1088 586 1154 idem
619 1107 747 1171 semper
767 1107 919 1171 agrorum
940 1107 1092 1153 numerus
1122 1094 1253 1153 maneat
1285 1086 1419 1168 (ltob-
1446 1081 1452 1090 ’

321 1196 422 1281 741⁰).
467 1197 612 1276 Quocum
642 1197 805 1262 artissime
837 1195 1011 1262 cohaerent
1042 1196 1106 1263 duo
1139 1216 1222 1280 quae
1244 1186 1421 1280 sequuntur

319 1313 504 1390 praecepta,
541 1307 632 1390 prius
660 1306 723 1390 (cp.
745 1305 826 1386 XII)
854 1325 895 1371 ne
928 1306 1016 1371 cives
1047 1312 1216 1389 argentum
1243 1327 1420 1389 aurumque

209 1434 214 1443 ’
319 1415 510 1499 possideant
544 1414 723 1499 (peculiare
751 1415 838 1479 enim
866 1434 1068 1480 nummorum
1099 1434 1201 1499 genus
1233 1416 1307 1482 urbi
1341 1436 1419 1482 suae

320 1526 443 1609 statuit,
475 1525 528 1591 oui
550 1525 584 1589 in
615 1523 691 1590 aliis
723 1522 854 1608 oppidis
878 1525 1002 1589 nullum
1024 1524 1067 1589 sit
1090 1525 1271 1607 pretium);⁴
1293 1545 1334 1590 ex
1356 1543 1419 1606 quo

319 1634 457 1699 alterum
479 1630 544 1718 (cp.
566 1633 665 1714 XIII)
693 1633 877 1700 necessario
911 1633 1056 1715 sequitur
1081 1653 1146 1698 non
1171 1633 1271 1699 licere
1293 1633 1420 1699 civibus

323 1743 477 1808 illiberali
492 1763 531 1808 ac
546 1742 678 1809 sordido
699 1743 993 1808 mercennariorum
1008 1743 1158 1824 quaestui
1180 1763 1312 1828 operam
1331 1743 1419 1808 dare.

322 1850 389 1918 Sed
421 1851 568 1934 quamvis
592 1850 804 1936 philosophus
838 1853 936 1918 etiam
967 1872 1035 1916 rem
1056 1851 1249 1918 familiarem
1271 1853 1419 1918 omnibus

320 1979 458 2043 aequam
477 1961 584 2027 iacere
605 1965 746 2044 cuperet,
777 1947 948 2026 tamenne
969 1965 1134 2026 externam
1156 1960 1253 2027 huius
1273 1963 1419 2028 coloniae

231 2090 232 2094 ¹
323 2069 546 2136 condicionem
565 2070 754 2154 neglegeret
768 2071 802 2134 in
824 2076 975 2152 quattuor
996 2070 1117 2136 classes
1134 2071 1222 2136 cives
1244 2070 1419 2136 secundum

322 2180 485 2263 peculium
512 2177 680 2245 distribuis
701 2170 748 2244 ita
768 2185 876 2243 tamen
903 2185 938 2245 ut
960 2184 991 2244 et
1015 2178 1116 2243 infimi
1137 2185 1169 2244 et
1191 2180 1307 2244 summi
1328 2171 1418 2265 τιμή·

315 2308 423 2369 7μοιτος
442 2293 564 2353 certum
588 2288 750 2371 quendam
778 2289 949 2354 terminum
971 2289 1189 2371 constitueret,
1211 2289 1296 2353 ultra
1323 2307 1418 2369 quem

317 2396 471 2481 progredi
500 2397 622 2463 nemini
642 2397 756 2463 liceret
780 2395 1017 2480 (llll-445⁶).
1061 2396 1185 2475 Quibus
1208 2397 1418 2479 praemonitis

318 2525 367 2590 cp.
376 2505 456 2570 XIV
471 2510 605 2572 externa
622 2507 712 2573 urbis
725 2507 851 2591 species
864 2506 1045 2572 delineatur
1056 2507 1257 2589 singulisque
1269 2505 1417 2571 tribubus
1430 2486 1433 2493 ’

320 2614 492 2681 duodecim
519 2615 653 2681 deorum
680 2616 814 2681 numina
833 2635 985 2699 praeesse
1014 2612 1227 2680 constituitur.
1268 2614 1418 2696 Denique

320 2742 404 2806 quae
436 2744 486 2808 cp.
519 2724 582 2789 XV
614 2728 791 2807 sequuntur
823 2723 942 2808 optime
973 2743 1013 2787 ea
1047 2724 1146 2788 totius
1177 2723 1255 2788 libri
1288 2724 1416 2788 conclu-

243 2835 248 2844 '
321 2832 446 2897 sionem
466 2832 597 2898 iaciunt.
641 2831 797 2898 Concedit
819 2832 906 2897 enim
930 2829 1141 2917 philosophus
1164 2832 1261 2896 etiam
1283 2832 1417 2897 alterius

318 2938 415 3006 huius
438 2942 580 3007 civitatis
602 2945 776 3026 praecepta
798 2941 963 3007 severiora
988 2959 1060 3006 esse
1081 2960 1178 3023 quam
1193 2960 1276 3022 quae
1291 2961 1418 3026 semper

317 3048 407 3115 urbis
439 3050 623 3117 conditores
643 3051 772 3135 possint
804 3055 933 3116 strenue
967 3051 1068 3131 sequi.
1122 3050 1182 3114 His
1215 3050 1314 3133 igitur
1328 3130 1331 3139 Α
1346 3070 1417 3115 esse

318 3160 561 3244 ignoscendum,
584 3162 613 3226 si
635 3161 796 3226 interdum
814 3158 985 3224 deflectant
1006 3165 1103 3242 atque
1125 3159 1289 3224 declinent
1309 3160 1351 3225 ab
1370 3160 1417 3224 eis

319 3284 402 3349 quae
423 3271 592 3353 legislator
622 3271 780 3354 statuerit,
812 3269 984 3336 dummodo
1018 3290 1144 3355 semper
1172 3269 1215 3336 ad
1237 3270 1417 3354 exemplum

319 3394 429 3443 eorum
451 3380 564 3446 urbem
585 3380 790 3446 conforment.
834 3379 916 3444 Item
935 3399 1012 3444 vero
1027 3379 1207 3463 legislatori
1223 3377 1417 3443 concedatur

322 3493 479 3573 oportere,
501 3495 536 3555 ut
557 3491 592 3555 in
614 3487 836 3555 adumbrando
859 3487 920 3554 hoc
941 3488 1032 3554 urbis
1062 3487 1239 3573 exemplari
1262 3488 1415 3571 optimum

319 3600 443 3662 tanturn
464 3602 626 3681 sequatur.

423 3706 524 3773 Vides
548 3706 629 3774 haec
651 3707 760 3773 omnia
781 3706 902 3790 optime
932 3706 1116 3791 procedere.
1158 3704 1263 3768 Unum
1286 3699 1414 3783 excipio

323 3816 534 3882 novissimum
555 3816 632 3881 libri
654 3820 760 3900 caput,
783 3814 871 3897 quod
892 3815 998 3880 obstat
1020 3818 1131 3899 aperto
1155 3808 1320 3894 scriptoris
1343 3829 1415 3874 con-

324 3924 407 3989 silio.
451 3924 518 3990 Sed
543 3924 585 3990 de
605 3921 667 3988 hoc
688 3920 824 4009 posthac
846 3921 1037 3988 videbimus.
1079 3919 1225 3984 Breviter
1246 3918 1416 3998 sequentia

320 4053 555 4119 percurramus.
597 4033 691 4098 Nunc
720 4032 806 4096 enim
829 4031 991 4097 conditam
1017 4028 1130 4095 urbem
1151 4027 1297 4108 sequitur
1317 4027 1416 4091 totius

320 4144 428 4228 operis
450 4146 553 4211 altera
583 4163 661 4227 pars
682 4144 716 4206 ln
747 4161 813 4224 qua
840 4143 979 4227 primum
1000 4139 1045 4205 de·
1073 4138 1319 4221 magistratuum
1340 4157 1416 4202 con-

319 4253 495 4336 stitutione,
527 4259 594 4318 tum
627 4250 704 4319 indo
719 4248 1071 4588 Qegibus
1094 4244 1210 4331 agitur.
1252 4245 1358 4327 Atque
1380 4250 1415 4310 ut

444 4740 513 4855 r
721 4595 813 4856 l
975 4638 1100 4855 N
