3312 4906
766 352 807 412 45

240 531 336 615 plane
353 531 420 595 alia
442 530 601 613 cogitasse
620 547 718 610 quam
738 547 823 610 quae
845 529 983 611 legimus
1005 550 1036 614 p.
1051 533 1140 595 857⁰.
1183 532 1337 598 Leviores

241 638 374 721 quidem
388 656 534 722 premere
548 636 623 701 nolo
634 655 718 718 quae
733 635 898 702 offendant
909 635 1154 723 discrepantias.
1181 639 1251 705 Hoc
1260 660 1337 706 vero

240 745 441 815 tolerandum
455 765 520 810 non
536 750 585 810 est
595 743 763 809 Platonem
776 743 942 828 publicum
953 745 1072 811 lurtum
1084 746 1197 813 eadem
1212 749 1338 814 ratione

240 856 356 940 punire
385 852 577 935 sorbetque
602 853 773 937 privatum
818 853 910 919 Talis
939 855 1025 919 enim
1051 854 1237 922 differentia
1265 877 1338 923 cum

241 984 305 1029 non
320 950 354 1029 in
368 963 540 1028 minutiore
556 961 697 1044 quadam
711 962 913 1028 formationis
927 965 1085 1030 varietate
1100 967 1207 1051 posita
1224 965 1282 1032 sed
1296 986 1339 1031 ex

241 1073 356 1138 intima
370 1071 535 1154 cogitandi
553 1073 678 1137 ratione
693 1077 807 1137 exorta
826 1073 869 1136 sit
881 1073 977 1157 plane
992 1072 1101 1138 aliena
1112 1074 1154 1139 ab
1169 1093 1218 1156 ea,
1240 1093 1338 1156 quam

241 1181 387 1262 sequitur
406 1181 461 1247 ille
476 1181 510 1244 in
529 1179 657 1245 delictis
665 1178 855 1265 puniendis,
875 1177 1102 1263 gravissimum
1124 1181 1218 1247 nobis
1234 1188 1267 1246 et
1281 1203 1337 1247 no·

240 1289 408 1353 vissimum
428 1289 471 1353 sit
491 1294 722 1373 argumentum,
744 1308 808 1370 quo
825 1288 889 1359 nisi
909 1307 1063 1371 negemus
1078 1288 1247 1355 Platonem
1260 1293 1338 1356 noni

240 1397 317 1463 libri
346 1401 471 1480 partem
501 1398 642 1481 priorem
673 1416 712 1463 ea
744 1397 964 1481 composuisse
996 1397 1099 1461 lorma
1129 1417 1214 1480 quae
1240 1397 1337 1465 hodie

240 1505 370 1586 legitur.
907 1495 913 1505 ’

340 1614 454 1696 Itaque
476 1632 561 1678 nunc
586 1613 734 1705 omnibus
760 1613 880 1677 nostris
906 1614 1105 1696 argumentis
1133 1614 1278 1680 collectis
1306 1619 1338 1680 et

242 1723 276 1787 in
296 1743 361 1787 uno
383 1726 556 1806 conspectu
579 1721 695 1805 positis
714 1721 772 1786 vix
792 1719 998 1787 metuendum
1022 1722 1084 1811 erit
1104 1734 1146 1787 ne
1168 1723 1261 1788 multi
1281 1704 1338 1788 rio·

241 1829 292 1895 bis
314 1828 545 1911 contradicant,
567 1830 595 1893 si
620 1827 850 1894 contendamus
876 1827 952 1893 inde
973 1849 994 1893 a
1014 1829 1216 1894 857⁸-859‘1
1242 1832 1338 1914 quasi

242 1936 379 2003 deficere
400 1936 545 2002 Platonis
567 1937 725 2022 spiritum,
748 1938 795 2001 ita
815 1943 851 2002 ut
872 1935 907 2002 id
928 1936 1016 2019 quod
1037 1936 1089 2003 his
1110 1940 1241 2022 paginis
1259 1940 1338 2023 legi-

241 2065 311 2110 mus
332 2045 504 2129 posteriori
524 2064 585 2110 nec
608 2046 688 2110 satis
709 2045 798 2110 ielici
821 2065 918 2111 curae
939 2045 1145 2112 tribuendum
1166 2049 1217 2112 sit.
1317 2038 1320 2042 ⁴

339 2155 418 2220 Esto
453 2155 553 2236 igitur
586 2152 648 2218 hoc
678 2154 772 2219 nobis
805 2155 946 2239 positum
978 2175 1052 2220 eum
1074 2156 1133 2221 cui
1147 2154 1209 2221 hoc
1229 2158 1338 2240 legum

242 2283 322 2347 opus
344 2268 418 2347 post
448 2267 583 2327 mortem
604 2261 750 2326 Platonis
770 2259 958 2326 mandatum
986 2262 1056 2328 erat
1079 2263 1228 2329 lacunam
1250 2266 1337 2331 inve·
1365 2266 1368 2271 ’

241 2372 329 2437 nisse
360 2377 433 2454 post
461 2373 549 2434 856⁰.
593 2369 799 2435 Temerarius
831 2389 908 2434 vero
931 2389 1045 2452 essem,
1078 2372 1107 2436 si
1139 2369 1179 2436 de
1213 2374 1338 2439 ratione

241 2500 307 2562 qua
335 2478 419 2544 hanc
440 2480 590 2544 lacunam
611 2479 810 2562 suppleverit
832 2477 946 2561 editor,
978 2478 1156 2561 quidquam
1175 2488 1337 2564 procerte
1368 2505 1372 2512 ·

241 2589 358 2654 vellem
379 2586 558 2672 adfirmare.
611 2587 751 2651 Possunt
773 2587 859 2651 enim
879 2587 946 2652 iere
967 2589 1075 2653 omnia
1093 2608 1180 2671 ⁴quae
1203 2589 1256 2656 hic
1283 2611 1338 2656 ex·

242 2702 330 2762 stant
351 2715 422 2761 esse
444 2696 621 2777 Platonica,
653 2697 705 2761 vel
725 2696 834 2781 potius
857 2715 898 2761 ex
918 2695 1064 2762 lrustulis
1086 2703 1158 2763 orta
1187 2701 1337 2780 genuinis

217 2812 274 2871 ‘et
293 2804 337 2869 ad
358 2805 454 2870 unius
477 2803 706 2888 disputationis
737 2806 981 2871 continuitatem
1004 2804 1234 2890 conglutinata,
1253 2827 1337 2890 quae

242 2919 328 2979 certe
348 2934 413 2978 non
435 2919 484 2979 est
506 2912 660 2979 Platonis.
693 2915 745 2979 Ita
765 2914 889 2979 invenit
906 2914 941 2978 in
955 2912 1085 2979 schedis
1115 2916 1185 2980 eius
1205 2919 1295 3000 858⁸,
1307 2916 1337 3000 ¹³3

241 3020 431 3088 videbamus
453 3027 561 3087 autem
584 3023 683 3087 nimis
699 3042 771 3087 esse
785 3021 957 3088 Platonica
971 3026 1046 3086 8570
1061 3021 1087 3105 ἃ,
1106 3026 1193 3088 850⁸.
1227 3023 1339 3090 Potest

243 3131 340 3195 etiam
373 3131 535 3196 invenisse
560 3131 856 3197 commentariolum
877 3129 1039 3212 quendam
1062 3130 1103 3197 de
1129 3133 1213 3198 iurto
1242 3135 1338 3198 inter·

242 3244 372 3322 ruptum
394 3244 433 3304 et‘
447 3239 610 3305 abiectum
631 3239 673 3305 ab
695 3240 766 3324 ipso
789 3240 954 3326 scriptore.

348 3346 485 3413 Videtur
517 3349 602 3413 enim
639 3349 769 3433 saepius
800 3347 894 3414 Plato
927 3350 974 3414 ita
1011 3349 1174 3415 scribendi
1206 3370 1338 3416 munere

241 3455 370 3521 iunctus
392 3475 473 3539 esse,
507 3462 543 3522 ut
565 3456 701 3522 eandem
722 3476 789 3522 rem
818 3459 912 3539 quasi
935 3478 955 3522 a
976 3456 1115 3523 diversis
1137 3457 1284 3542 partibus
1306 3464 1338 3524 et

242 3562 373 3629 diversa
394 3565 520 3630 ratione
542 3564 784 3648 adgrederetur,
816 3565 957 3646 lecitque
981 3563 1042 3631 hoc
1075 3566 1109 3629 in
1131 3585 1223 3631 suum
1244 3587 1338 3632 usum

242 3672 395 3754 nullaque
417 3673 594 3756 legentium
614 3670 728 3737 habita
749 3673 883 3738 ratione.
919 3673 1079 3738 Nimirum
1112 3675 1146 3739 in
1172 3676 1279 3740 animo
1306 3675 1337 3739 ei

230 3786 321 3864 erat,
342 3787 455 3865 postea
472 3779 532 3847 has
547 3779 783 3865 discrepantias
797 3780 1008 3865 perpoliendo
1030 3787 1127 3864 atque
1142 3781 1337 3865 delimando,

243 3886 391 3953 addendo
408 3895 506 3970 atque
522 3888 695 3954 adimendo
712 3895 748 3955 ut
760 3889 896 3954 tolleret.
928 3889 1032 3954 Huius
1048 3892 1133 3956 enim
1151 3892 1287 3956 rationis
1302 3896 1338 3957 ut

243 4017 343 4080 supra
359 3996 453 4062 nobis
474 3996 665 4063 videbamur
683 3999 864 4082 exemplum
882 4001 1089 4084 proposuisse
1111 3997 1244 4094 aliquod
1265 4019 1337 4064 cum

244 4104 308 4170 duo
324 4106 381 4170 illa
393 4105 433 4171 de
457 4105 588 4172 iudiciis
606 4111 817 4174 tractaremus
833 4110 950 4193 capita,
972 4109 1019 4174 ita
1033 4129 1118 4175 nuuc
1132 4108 1339 4193 apertissima

245 4216 280 4281 in
301 4214 496 4281 excutiendo
517 4215 602 4282 lurto
623 4216 764 4300 vestigia
785 4237 880 4303 posse
902 4217 1072 4285 ostendere
1093 4217 1270 4302 opinamur.
