3312 4906
828 378 846 438 7

287 557 354 623 und
386 557 602 626 durcbldhren
634 554 793 623 konnen.“
830 577 857 624 e.
880 577 910 640 q.
933 576 957 623 s.
1014 558 1056 623 Et
1087 559 1235 641 quisquis
1267 563 1383 643 postea

288 665 329 733 de
349 667 478 751 legibus
514 666 678 748 disseruit,
711 666 772 732 hoc
810 667 924 732 saltem
968 669 1105 749 sumpsit
1141 687 1222 751 opus
1254 688 1276 731 a
1303 666 1382 763 'Pla-
1455 708 1457 713 -

286 782 360 842 tone
381 797 446 842 non
468 777 663 860 perpolitum
686 795 766 842 esse.
809 774 998 859 Diltheyum
1025 775 1098 841 dico
1129 774 1381 859 (Platonicorum

284 885 356 950 libr.
391 885 432 951 de
464 885 591 968 legibus
624 904 759 950 examen
791 905 822 968 p.
856 882 920 968 57),
959 883 1201 951 Steinhardtum
1234 884 1379 972 (Miller-

285 991 473 1071 Steinhardt
487 993 607 1058 Plato's
622 992 742 1058 Werke
764 991 835 1075 VH,
861 997 886 1057 l.
909 1013 983 1076 pag.
1002 990 1084 1076 101),
1106 994 1267 1058 Zellerum
1282 990 1379 1076 (Phil

286 1099 344 1166 der
374 1100 536 1166 Griechen
558 1102 599 1165 Π.
631 1105 656 1165 1.
680 1104 707 1166 3.
733 1100 815 1166 Aufl.
838 1121 891 1184 pg.
910 1098 995 1183 833).
1030 1101 1121 1166 Idem
1146 1101 1380 1167 Stallbaumius

286 1226 414 1288 quoque
446 1206 711 1272 mordacissimus
746 1207 854 1290 legum
889 1204 1040 1272 deiensor
1075 1208 1234 1273 concessit
1269 1207 1378 1272 verbis

284 1314 350 1381 his:
383 1316 555 1398 „nimirum
584 1315 713 1379 omnino
744 1313 875 1396 quidem
908 1313 1042 1379 dubium
1071 1334 1143 1380 esse
1174 1335 1238 1379 non
1264 1320 1381 1398 potest,

285 1425 363 1506 quin
384 1424 493 1507 legum
514 1392 611 1507 opus,⁸
634 1423 796 1489 etiamsi
818 1442 891 1487 non
912 1423 1022 1506 plane
1044 1424 1288 1506 perpolitum
1311 1424 1382 1505 sit,

284 1538 391 1603 tamen
419 1537 520 1615 totum
549 1538 646 1613 atque
669 1532 829 1614 integrum
856 1536 1019 1615 superstes
1048 1528 1233 1598 habeatur“.
1273 1529 1381 1614 (Platt.

284 1661 358 1725 opp.
381 1661 464 1705 omn.
487 1640 529 1723 X,
552 1643 580 1705 2.
602 1640 696 1724 proll.
711 1636 851 1722 XXIX).
895 1638 1054 1704 Graviora
1076 1646 1159 1723 sunt,
1181 1659 1265 1722 quae
1288 1638 1322 1706 d.
1345 1640 1381 1704 F.

284 1749 449 1814 Hermann
475 1748 682 1829 (Geschichte
704 1748 771 1814 und
791 1748 921 1832 System
942 1747 1000 1814 der
1021 1749 1069 1813 Pl.
1092 1748 1150 1814 Ph.
1172 1769 1204 1832 p.
1223 1751 1283 1813 708
1307 1747 1380 1814 adn.

284 1853 359 1940 733)
382 1856 474 1940 dixit,
497 1877 592 1940 quern
613 1855 710 1923 valde
732 1855 906 1923 dolendum
927 1863 978 1923 est
993 1857 1196 1941 suspiciones
1217 1877 1293 1922 suas
1315 1862 1381 1922 tam

282 1965 425 2032 breviter
447 1965 646 2032 subnotasse.
681 1966 830 2048 Denique
845 1966 1007 2032 Susemihl
1029 1966 1072 2031 ad
1093 1966 1177 2031 hanc
1200 1986 1267 2030 rem
1289 1985 1380 2049 spec-

283 2074 387 2140 tantia
408 2095 473 2140 non
494 2093 600 2158 pauca
620 2075 792 2142 utilissime
814 2075 957 2140 versioni
980 2094 1058 2139 suae
1080 2074 1256 2139 adnotavit.

382 2182 534 2249 Attamen
555 2203 639 2267 nego
665 2182 936 2266 acquiescendum
958 2202 1030 2249 esse
1060 2183 1093 2247 in
1121 2183 1178 2265 eis,
1211 2202 1295 2264 quae
1316 2183 1380 2247 viri

285 2257 503 2365 docti¹obiter
518 2292 559 2358 de
578 2291 640 2357 hac
658 2311 693 2357 re
708 2297 740 2357 et
768 2293 802 2356 in
820 2297 1007 2357 transcursu
1025 2290 1245 2357 decreverunt.
1278 2291 1380 2355 Immo
1416 2296 1419 2301 ⁴

284 2399 460 2482 permirum
475 2406 531 2465 'est
553 2401 715 2465 neminem
737 2399 843 2465 adhuc
861 2397 938 2464 data
959 2419 1060 2483 opera
1081 2404 1182 2464 totum
1204 2418 1286 2482 opus
1308 2418 1380 2481 per-

283 2513 459 2574 scrutatum
481 2527 561 2591 esse,
583 2514 619 2573 ut
640 2507 770 2573 tandem
785 2513 959 2591 appareret
981 2507 1086 2572 editor
1109 2508 1165 2573 ille
1188 2527 1252 2589 quo
1275 2495 1380 2590 modo,

284 2634 380 2699 quam
410 2622 503 2683 caute
530 2617 583 2682 vel
615 2635 712 2698 quam
741 2616 900 2681 violenter
929 2615 1135 2709 perpoliendi
1165 2614 1226 2681 hoc
1248 2635 1380 2680 munere

282 2723 410 2791 iunctus
432 2730 526 2791 esset.
556 2725 645 2789 ,Nam
666 2724 727 2789 hoc
748 2724 777 2789 si
800 2730 921 2790 certum
941 2730 990 2790 est
1011 2726 1045 2789 in
1067 2725 1139 2863 ipso
1157 2723 1379 2808 componendo

283 2851 381 2916 opere
403 2832 485 2898 duas
507 2822 620 2898 manus
641 2838 787 2899 versatas
810 2852 891 2915 esse,
913 2832 1071 2899 concedes
1093 2832 1173 2896 mihi
1195 2837 1298 2897 artem
1320 2833 1380 2896 cri·

283 2941 380 3004 ticam
410 2939 530 3035 debere
557 2941 721 3022 vacillare,
750 2940 814 3004 nisi
844 2940 879 3004 in
906 2939 1129 3006 discernendis
1160 2941 1317 3024 scriptore
1348 2945 1380 3005 et

283 3045 408 3112 editore
429 3054 551 3113 certam
566 3047 742 3114 habeamus
765 3067 861 3129 quam
883 3067 1056 3129 sequamur
1074 3048 1241 3113 rationem.
1273 3047 1379 3130 Atque

205 3198 207 3201 -
283 3154 379 3221 huius
393 3156 592 3239 quaestionis
608 3156 741 3222 maioris
758 3156 918 3240 equidem,
942 3176 1039 3238 quam
1054 3175 1137 3238 quae
1150 3156 1264 3221 eadem
1280 3176 1380 3239 opera

284 3262 429 3330 incohari
446 3266 550 3348 possit
563 3284 602 3329 ac
614 3262 790 3347 profligari,
812 3266 977 3347 specimen
995 3284 1067 3331 esse
1077 3266 1151 3330 uolo
1166 3264 1251 3330 hunc
1273 3285 1379 3330 meum

282 3371 436 3437 libellum.
485 3370 567 3436 Mihi
600 3372 686 3439 enim
718 3371 795 3437 dum
828 3370 1005 3436 identidem
1035 3372 1171 3437 consilio
1204 3373 1265 3438 isto
1297 3392 1379 3455 opus
1488 3406 1490 3411 ⁴

282 3484 384 3544 toturn
405 3480 546 3563 perlego,
578 3478 836 3562 persuadebatur
856 3499 897 3545 ne
920 3480 1058 3562 primum
1089 3478 1220 3561 quidem
1249 3480 1320 3545 eius
1341 3480 1379 3543 li-

283 3560 383 3652 brum¹
396 3588 537 3652 alienam
558 3607 623 3652 non
644 3606 776 3671 passum
799 3607 871 3653 esse
892 3608 1030 3652 manum.
1073 3587 1187 3669 Neque
1208 3593 1316 3653 tamen
1338 3587 1379 3653 de

283 3695 433 3761 universo
455 3714 553 3778 opere
567 3694 786 3760 dubitationes
808 3715 896 3760 meas
918 3714 1002 3760 nunc
1018 3714 1198 3778 proponere
1220 3696 1379 3761 inanimo

283 3809 341 3869 est.
383 3803 434 3868 De
456 3804 619 3886 prioribus
641 3803 728 3869 enim
750 3809 900 3886 quattuor
921 3804 1025 3886 libris,
1048 3804 1103 3885 qui
1126 3803 1275 3869 uberiore
1298 3804 1378 3869 artis

283 3912 452 3977 scaenicae
474 3918 634 3996 apparatu
656 3912 804 3978 instructi
827 3917 910 3995 sunt,
932 3911 1058 3978 lubrica
1073 3918 1122 3977 est
1143 3917 1175 3977 et
1188 3910 1380 3977 difficillima

283 4021 441 4104 quaestio,
472 4021 626 4103 quoniam
656 4019 691 4085 id
721 4019 809 4103 quod
831 4021 1006 4103 incongrue
1035 4024 1067 4084 et
1093 4019 1230 4102 abrupte
1251 4017 1381 4084 videtur

282 4127 404 4195 dictum
432 4148 514 4212 esse,
549 4147 662 4195 revera
683 4128 827 4194 libertati
848 4129 957 4213 potius
979 4133 1095 4213 poetae
1116 4129 1258 4194 scaenici
1279 4127 1380 4194 tribui

282 4201 410 4320 poterit}
442 4236 681 4309 stabiliendum
701 4256 778 4321 ergo
794 4235 950 4302 iudicium
973 4236 1013 4301 de
1028 4236 1126 4302 totius
1141 4237 1250 4321 operis
1264 4241 1380 4302 natura
