3312 4906
803 303 843 365 23

277 483 391 550 Brevis
413 483 454 550 (16
487 503 526 550 66
548 505 612 551 666.
666 486 730 565 Qui
763 488 850 552 enim
880 492 978 570 negat
1010 485 1178 577 Platonem
1210 487 1244 550 in
1265 484 1373 570 dispo-

276 592 392 659 nendis
414 593 465 659 his
487 596 580 661 libris
602 602 724 662 certum
747 631 785 641 —
808 602 843 662 ut
866 615 965 679 supra
986 594 1241 678 significavimus
1263 630 1304 638 -
1325 600 1374 659 at·

277 722 340 783 que
366 703 483 768 scitum
509 703 655 770 ordinem
687 711 833 780 secutum
854 724 935 787 esse,
968 705 996 769 is
1029 704 1093 769 tria
1125 702 1207 769 haec
1228 702 1399 787 disputa·

276 811 374 876 tionis
395 813 540 876 membra
568 813 638 878 sine
665 814 815 897 scrupulo
837 815 933 897 leget.
987 812 1051 891 Qui
1083 833 1160 878 vero
1183 812 1223 878 dc
1245 813 1371 879 ratione

276 921 497 1005 disponendae
530 923 686 987 orationis
717 942 843 989 mecum
873 923 1043 1003 consentit,
1076 942 1172 1006 posse
1197 920 1279 996 haec
1300 922 1373 987 Pla·

276 1032 361 1096 tonis
384 1050 454 1097 6666
477 1014 600 1096 tenebit
629 1032 770 1121 quidem,
803 1033 936 1114 negabit
957 1030 1033 1097 huic
1054 1033 1125 1097 loco
1148 1032 1190 1097 ab
1212 1051 1251 1097 6ο
1274 1030 1374 1097 (16611-
1410 1035 1413 1041 ’

276 1142 482 1206 6616161666.
526 1140 567 1205 Et
589 1140 629 1206 de
646 1143 755 1226 priene
777 1142 909 1224 quidem
931 1142 1101 1226 particula,
1124 1141 1245 1223 inqua
1265 1140 1374 1224 agitur

275 1250 316 1315 de
337 1270 469 1315 numero
492 1251 548 1314 illo
574 1251 727 1334 primario
750 1250 792 1315 ad
814 1250 999 1316 condendas
1022 1250 1172 1315 civitates
1193 1250 1373 1334 aptissimo,

274 1359 357 1424 nihil
378 1357 482 1424 habeo
505 1359 592 1441 quod
616 1359 742 1424 addam.
784 1360 899 1443 Neque
920 1360 961 1425 de
983 1360 1087 1425 altera
1108 1359 1257 1442 (tlte-⁶)
1280 1357 1373 1441 quid-

275 1490 372 1552 quam
394 1468 586 1535 contendere
608 1471 691 1554 6616,
717 1490 912 1553 quamquam
934 1489 1066 1535 causam
1086 1469 1207 1534 frustra
1227 1469 1373 1551 requires

275 1599 331 1645 cur
353 1580 446 1645 Plato
477 1580 618 1664 copiosis
646 1580 712 1644 illis
744 1580 820 1644 libri
842 1579 905 1644 VH
937 1575 1004 1663 (pg.
1026 1581 1087 1642 818
1110 1574 1171 1661 sq.)
1204 1577 1245 1643 (16
1267 1577 1373 1643 erudi-

274 1690 362 1754 tione
383 1688 610 1753 mathematica
640 1687 931 1772 disceptationibus
960 1709 1074 1771 parum
1095 1691 1263 1753 contentus
1284 1686 1391 1752 16666

275 1818 403 1880 quoque
425 1799 621 1881 peculiarem
637 1799 804 1881 scripserit
819 1798 1124 1863 commentariolum.
1168 1797 1281 1862 Tertia
1294 1817 1371 1863 vero

275 1908 374 1971 etiam
389 1907 456 1971 alia
471 1906 512 1970 de
527 1927 626 1972 causa
641 1913 800 1991 suspecta.
834 1907 884 1971 Ea
900 1907 985 1971 enim
997 1906 1053 1983 hio
1075 1907 1266 1989 referuntur,
1287 1926 1372 1989 quae

274 2014 479 2099 respicienda
493 2016 558 2079 sint
574 2021 694 2080 terram
716 2016 863 2081 coloniae
877 2016 1082 2099 eligentibus.
1115 2016 1230 2098 Itaque
1245 2016 1372 2081 nescire

276 2123 405 2189 videtur
422 2125 479 2206 qui
504 2123 585 2189 haec
601 2125 730 2209 scripsit
746 2126 811 2189 iam
826 2125 868 2190 ab
884 2126 977 2190 initio
992 2124 1068 2190 huic
1082 2125 1228 2191 coloniae
1251 2129 1373 2190 certum
1451 2212 1453 2215 ι

276 2254 368 2298 suum
397 2235 503 2300 locum
526 2253 597 2298 6666
619 2233 824 2299 destinatum.
875 2234 975 2300 Ouius
1002 2236 1066 2299 looi
1100 2236 1134 2299 iu
1166 2235 1242 2300 libri
1264 2234 1372 2317 quarti

274 2343 367 2407 initio
400 2349 622 2426 praecesserat
654 2345 719 2408 iam
751 2343 996 2408 accuratissima
1033 2344 1217 2428 descriptio.
1264 2343 1371 2427 Atque

273 2450 354 2517 haec
387 2472 459 2516 cum
496 2453 543 2517 ita
582 2453 646 2516 sint
682 2452 959 2518 commendabitur
989 2454 1127 2519 iortasse
1160 2445 1370 2535 'aliquatenus

275 2561 384 2625 verbis
407 2561 491 2625 inira
512 2562 685 2645 adscriptis
704 2560 728 2644 1)
754 2567 790 2627 61
812 2562 1013 2645 suspicemur
1043 2561 1127 2628 hanc
1149 2582 1278 2644 quoque
1299 2582 1371 2646 par-

274 2672 407 2735 ticulam
422 2670 598 2755 proiectam
621 2676 700 2737 esse‘
714 2693 735 2736 a
756 2692 853 2736 manu
878 2656 992 2736 eadem
1014 2672 1066 2737 oui
1089 2670 1167 2736 738¹>
1189 2671 1371 2737 tribuimus.

273 2777 339 2845 Sed
360 2778 442 2845 haec
462 2801 514 2845 me
537 2800 601 2845 non
623 2800 769 2865 premere
792 2781 886 2846 scias.

372 2889 441 2953 Iam
472 2909 549 2954 vero
582 2889 677 2954 finem
709 2889 827 2954 habeto
860 2888 1040 2972 disputatio
1072 2895 1184 2954 nostra
1215 2888 1256 2955 (16
1287 2889 1373 2954 libro
1405 2930 1407 2933 -

273 2998 395 3079 quinto.
437 2996 544 3080 Atque
566 2996 628 3063 hoc
649 2998 747 3062 velim
771 2996 850 3060 mihi
872 2996 1067 3062 concedatur
1090 2999 1188 3062 etiam
1210 2998 1243 3062 in
1264 2996 1372 3063 medio

271 3108 381 3189 legum
396 3126 493 3189 opere
508 3108 674 3190 apertiora
695 3126 776 3189 esse,
799 3126 897 3188 quam
910 3105 1053 3172 adhunc
1069 3106 1155 3173 diem
1168 3106 1373 3190 videbantur,

274 3214 418 3300 Philippi
441 3214 576 3299 Opuntii
598 3216 747 3299 vestigia.

725 3372 924 3382 ——————--—

372 3505 441 3570 Iam
463 3525 539 3570 vero
555 3506 774 3587 relinquamus
788 3504 871 3569 hanc
895 3505 1081 3588 inquirendi
1103 3506 1269 3571 rationem.
1306 3504 1370 3570 Ne-

272 3635 335 3697 que
357 3615 443 3679 enim
475 3633 533 3696 per
564 3614 719 3697 temporis
742 3614 883 3701 spatium
911 3633 1016 3697 neque
1049 3634 1107 3697 per
1128 3612 1208 3679 fines
1230 3612 1366 3679 1661611-

373 3813 399 3883 1)
418 3805 519 3888 τοῦτων
538 3812 563 3865 δ’
581 3805 616 3866 αὖ
634 3807 746 3868 πάντων
767 3816 902 3884 μέγιστον
927 3813 1086 3885 διαφέροιεν
1108 3805 1144 3865 ἂν
1166 3807 1247 3866 τόποι
1261 3808 1363 3892 χώρας,

271 3912 302 3964 έν
320 3905 360 3968 οἷς
379 3915 440 3963 θεία
462 3929 500 3969 τις
518 3911 649 3964 ἐπίπνοια
668 3913 713 3962 καὶ
732 3902 876 3981 δαιμόνων
894 3903 977 3976 λήξεις
995 3909 1057 3978 εἶεν,
1083 3905 1145 3968 τοὺς
1162 3905 1205 3962 ἀεὶ
1222 3914 1369 3973 κατοικιζο-

270 3994 371 4078 μένους
388 4009 449 4076 ἵλεῳ
469 4001 617 4077 δεχόμενοι
639 4010 685 4059 καὶ
701 4002 867 4062 τούναντίον·
896 4002 936 4066 οἷς
954 4001 1018 4076 ὅγε
1038 4006 1104 4061 νοῦν
1122 4007 1195 4077 ἔχων
1212 4009 1367 4077 νομοθέτης

271 4097 506 4174 ἐπισκηψάμενος,
535 4102 570 4163 ὠς
587 4096 739 4173 ἄνθρωπον
757 4097 840 4159 οἷόντ’
870 4104 928 4158 ἔστι
952 4109 1068 4159 σκοπεῖν
1095 4100 1128 4157 τὰ
1155 4103 1272 4174 τοιαῦτα,
1297 4099 1368 4160 οὕτω

271 4201 379 4272 πειρῷτ’
398 4192 433 4255 ἂν
450 4202 556 4254 τιθέναι
573 4196 635 4260 τοὺς
652 4193 762 4272 νόμους.
782 4199 879 4271 (747⁰.)
