3312 4906
795 343 833 404 13

259 540 345 605 quae
376 542 433 588 cur
471 528 538 587 tam
569 520 706 606 abrupte
738 521 800 587 hoc
830 522 902 587 loco
939 522 1047 606 posita
1079 523 1131 606 sit,
1147 543 1263 603 ‚causa
1294 544 1358 591 non
1430 516 1435 522 ’

261 629 485 716 subpeditatur
500 631 548 697 eis
564 650 647 714 quae
662 635 849 714 sequuntur.
891 629 1019 696 Deinde
1041 626 1248 715 imperfectae
1270 632 1359 697 illius

260 739 473 823 expositionis
489 739 762 804 continuationem
778 739 811 803 in
826 738 952 820 reliquo
967 757 1064 821 opere
1077 738 1197 803 trustra
1213 757 1358 821 quaeres.
1434 788 1437 793 t

261 845 381 913 Contra
402 847 675 913 continuationem
703 845 802 913 habet
821 846 993 911 frustulum
1014 845 1096 911 illud
1122 841 1217 910 ἐστὸν
1239 840 1298 930 γὰρ
1319 841 1359 932 δὴ

259 947 319 1018 δύο
339 952 508 1031 πολιτείας
536 948 607 1038 εἴδη
629 975 656 1021 o.
679 956 709 1038 q'.
732 974 757 1020 s.
789 953 851 1019 hoc
881 955 953 1020 loco
984 955 1082 1039 plano
1103 955 1212 1039 inepte
1234 955 1360 1031 iacens3

263 1063 467 1129 continuatur
498 1064 584 1129 enim
605 1063 689 1130 libro
716 1082 780 1129 uno
802 1063 986 1128 intermisso
1019 1063 1065 1127 ita
1092 1068 1127 1128 ut
1148 1068 1292 1129 nostrum
1313 1063 1360 1128 ibi

264 1173 370 1238 locum
395 1172 584 1257 scriptorem
608 1172 704 1255 plane
720 1171 855 1237 oblitum
876 1190 947 1237 esse
969 1176 1091 1236 certum
1113 1172 1164 1237 sit.
1212 1171 1360 1256 Ammius

261 1281 366 1364 igitur
386 1300 451 1346 non
471 1279 713 1358 haesitabimus,
737 1281 815 1363 quin
834 1280 1011 1345 novissima
1025 1278 1106 1345 haec
1120 1279 1220 1346 verba
1241 1279 1359 1347 editori
1391 1268 1411 1274 ’

262 1390 441 1456 tribuamus
460 1389 666 1473 perpolienti‚
685 1389 741 1471 qui
757 1389 912 1454 orationis
928 1389 1176 1474 perpetuitatem
1198 1389 1362 1454 turbatam

262 1499 334 1564 sive
349 1499 457 1583 potius
473 1497 694 1582 imperfectam
715 1498 883 1563 invenerat
904 1496 1041 1563 necdum
1063 1497 1105 1562 ab
1127 1497 1200 1581 ipso
1226 1504 1358 1564 auctore

263 1608 477 1673 constitutam.

262 1750 265 1757 ,
364 1716 582 1783 Transeamus
615 1714 658 1781 ad
696 1716 855 1798 reliquam
888 1714 1005 1798 capitis
1037 1720 1171 1798 partem.
1226 1714 1265 1779 In
1298 1733 1363 1797 qua

262 1823 658 1891 Atheniensiscontendit
680 1822 895 1889 instituendas
923 1842 996 1889 esse
1023 1824 1057 1888 in
1079 1823 1265 1889 civitatibus
1286 1843 1361 1907 pur·

267 1935 415 2017 gationes
431 1933 596 2017 quasdam,
619 1933 736 2016 quibus
751 1934 844 2017 pravi
863 1934 951 1999 cives
966 1937 1190 1998 removeantur
1204 1952 1246 1998 ne
1260 1932 1362 1997 bonos

264 2042 456 2125 contagione
477 2047 690 2126 corrumpant.
739 2040 882 2119 Quorum
903 2042 1088 2123 καθαρμῶν
1108 2039 1172 2106 dno
1194 2037 1367 2105 constituit

265 2169 337 2217 esse
359 2170 488 2234 genera,
510 2151 646 2216 alterum
668 2150 855 2232 violentum,
880 2150 1016 2214 alterum
1037 2150 1123 2214 mite.
1165 2147 1272 2231 Atque
1293 2169 1358 2215 me-

263 2259 378 2324 liorem
410 2258 543 2342 quidem
570 2278 642 2324 esse
675 2258 870 2326 severiorem
899 2258 989 2322 illam
1020 2257 1245 2342 purgationem
1277 2277 1360 2340 quae

265 2367 398 2433 summis
412 2367 583 2451 suppliciis
594 2372 711 2450 utatur,
722 2373 859 2451 tyranno
871 2371 979 2432 autem
989 2370 1112 2432 tantum
1123 2360 1278 2433 adhibere
1290 2386 1361 2431 eam

264 2475 371 2541 licere.
415 2475 649 2559 Legislatorem
680 2476 738 2559 qui
765 2482 874 2542 eareat
902 2476 994 2559 regia
1016 2475 1087 2549 illa,
1105 2478 1266 2560 potestate
1287 2495 1360 2541 con-

264 2589 386 2649 tentum
408 2603 481 2650 esse
503 2583 631 2666 debore,
653 2584 683 2649 si
698 2582 896 2650 deducendis
919 2584 1055 2650 coloniis
1074 2585 1187 2650 urbem
1204 2584 1245 2650 ab
1260 2583 1361 2649 homi-

264 2692 361 2758 nibus
382 2691 519 2777 perditis
540 2693 665 2785 liberet.
707 2692 812 2759 Huius
831 2713 908 2759 vero
930 2692 1021 2759 urbis
1043 2692 1263 2759 conditoribus
1285 2712 1362 2758 neu-

180 2796 184 2803 '
265 2805 350 2866 trum
370 2801 479 2883 licere,
502 2802 558 2883 qui
579 2800 662 2867 hano
684 2803 778 2883 quasi
801 2803 965 2885 ingentem
986 2821 1090 2885 aquae
1121 2802 1249 2888 copiam
1270 2800 1362 2867 undi-

266 2927 330 2991 que
372 2907 584 2976 confluentem
617 2908 746 2976 studere
781 2907 921 2975 debeant
959 2915 995 2975 ut
1033 2909 1253 2976 exhauriendo
1293 2911 1363 2976 sive

267 3016 444 3084 derivando
474 3038 571 3101 quam
588 3019 729 3084 maxime
743 3017 896 3083 mundam
917 3018 1063 3084 reddant.
1107 3018 1266 3097 Quoniam
1287 3039 1364 3085 vero

266 3127 375 3194 verbis
396 3132 531 3210 tantum,
552 3148 617 3193 non
638 3147 674 3193 re
695 3133 829 3211 agatur,r
842 3126 1011 3211 fingamus,
1040 3129 1155 3211 inquit,
1187 3128 1365 3213 perlectum

267 3235 360 3301 nobis
383 3256 455 3302 esse
487 3235 646 3302 delectum
667 3236 849 3319 factamque
880 3238 1104 3321 purgationem
1146 3231 1199 3316 (τὰ
1221 3235 1249 3301 δ’
1272 3232 1365 3302 ἐπεί·
1403 3229 1405 3232 ’

266 3365 331 3427 περ
347 3337 434 3429 λόγῳ
449 3341 476 3428 γ’
493 3328 562 3409 ἐστὶ
579 3338 620 3407 τὰ
634 3344 690 3407 νῦν
703 3333 773 3407 ἀλλ’
789 3334 849 3409 οὐκ
865 3339 949 3430 ἔργῳ
961 3338 1182 3428 πραττόμενα,
1198 3338 1365 3429 πεπεράν-
1461 3424 1464 3427 ¹

220 3444 228 3457 ’
267 3454 324 3516 dur
351 3474 388 3516 τε
419 3450 496 3537 ἡμῖν
520 3451 539 3541 ἦ
561 3446 696 3537 ξυλλογῆ
718 3451 772 3516 καὶ
794 3447 876 3518 κατὰ
899 3454 976 3519 νοῦν
1001 3447 1021 3541 ἡ
1043 3447 1233 3537 καθαρότης
1262 3443 1365 3538 αὕτῆς

269 3554 356 3625 ἔστω
380 3560 609 3645 ξυμβεβηκνῖα.
642 3558 745 3644 7361').
775 3562 846 3630 Hoc
863 3568 988 3629 tantum
1003 3564 1037 3628 in
1058 3562 1121 3628 fine
1143 3564 1260 3648 capitis
1282 3583 1365 3629 oom-

267 3668 446 3751 mendatur‚
479 3676 515 3736 ut
544 3670 622 3735 boni
653 3672 856 3756 potissimum
887 3671 1034 3738 homines
1067 3671 1290 3739 adsciscantur
1321 3671 1365 3738 ad

257 3775 351 3844 ‘hanc
373 3779 541 3861 coloniam,
564 3778 766 3864 depellantur
788 3787 942 3865 quantum
963 3780 1034 3847 lieri
1055 3782 1159 3866 possit
1179 3782 1265 3847 mali.

366 3885 538 3953 Miraberis
549 3886 629 3956 haec
642 3882 769 3973 quoque
784 3909 835 3955 me
848 3889 1034 3972 sollicitare,
1048 3909 1132 3973 quae
1143 3889 1204 3955 tibi
1214 3888 1364 3956 videntur

269 3992 389 4077 optime
411 4014 483 4062 esse
511 3997 668 4080 exposita
707 3997 832 4063 Tamen
863 3998 1046 4063 accuratius
1074 3998 1173 4064 velim
1194 3998 1365 4087 consilium

270 4102 446 4186 examines,
474 4123 538 4187 quo
563 4102 644 4172 haec
666 4105 731 4171 sint
744 4106 939 4190 'composita
972 4100 1047 4190 Ipse
1068 4106 1227 4172 haerebis.
1258 4104 1365 4188 Atque

251 4278 253 4281 .
269 4211 408 4295 primum
420 4232 515 4281 nemo
526 4214 659 4298 negabit
669 4215 789 4302 optimo
801 4215 990 4300 scriptorem
1001 4215 1154 4300 progredi
1165 4216 1223 4283 ita:
1235 4233 1364 4299 „noces-
