3312 4906
759 334 799 396 25

157 556 159 560 ·
237 537 321 600 quae
343 524 440 584 antea
453 516 595 582 nondum
609 517 728 585 luerint
750 520 922 585 delineata.
963 518 1070 600 Atque
1084 517 1146 582 boe
1164 516 1331 599 concedes,

237 630 361 712 opinor.
405 628 443 692 In
475 629 684 719 sequentibus
707 649 785 694 sane
817 650 881 693 non
903 628 994 693 deest
1015 629 1105 692 loeus
1138 628 1194 709 qni
1221 627 1330 709 aliquo

237 741 306 804 iure
329 739 432 821 possit
445 738 561 812 obici„
591 737 707 802 Verbis
730 738 816 802 enim
837 731 946 801 κοινὸν
960 729 1065 800 ἅπασι
1078 738 1150 811 τοῖς
1167 729 1205 798 ιδ
1221 734 1332 815 τρίτον

235 838 496 933 ἀμφισβητοῦσιν
517 839 661 923 ἰδιώταις
683 840 768 928 τορός
789 836 947 930 ἀλλήλους
977 845 1083 930 (767⁰)
1108 852 1244 929 possunt
1265 866 1330 911 res·

238 942 305 1040 piei
326 956 437 1038 priora
459 956 530 1019 illa:
552 948 607 1017 ἐὰν
626 954 655 1018 δ’
668 944 731 1036 ἄρα
752 949 797 1038 μὴ
816 952 849 1018 ἐν
871 947 1003 1031 τούτοις
1023 976 1073 1030 τις
1094 948 1205 1038 ἱκανὴν
1227 952 1332 1035 κρίσιν

236 1056 392 1150 λαμβάνῃ,
425 1057 511 1143 πρὸς
532 1053 611 1127 dito
638 1056 844 1147 δικαστήριον
866 1057 936 1126 ἰ’τιο·
971 1057 1010 1128 ed
1034 1055 1070 1126 δὲ
1089 1061 1209 1143 τρίτον,
1232 1054 1272 1125 dv
1291 1057 1332 1125 τδι

237 1166 296 1237 δύο
318 1165 507 1254 δικαστήρια
539 1167 583 1260 μή
616 1166 746 1257 δύνηται
778 1165 953 1252 διαλλάξαι,
988 1170 1082 1247 τέλος
1115 1169 1264 1235 ἐπιθέτω
1293 1172 1333 1260 τῇ

236 1279 309 1368 δίκῃ
342 1280 460 1366 (767³).
510 1282 624 1366 Neque
647 1302 790 1367 premam
822 1283 920 1347 etiam
952 1282 1087 1347 alterius
1119 1283 1332 1367 expositionis

236 1392 337 1458 verba
359 1393 429 1458 sola
450 1398 481 1456 et
502 1412 560 1476 per
583 1411 617 1458 se
641 1393 748 1475 posita
770 1392 867 1457 taeite
882 1390 1023 1474 quidem,
1046 1391 1105 1456 sed
1124 1392 1210 1456 olare
1232 1392 1330 1474 signi-

238 1501 343 1585 fioare,
365 1503 501 1566 alterum
523 1501 657 1583 aliquod
678 1501 835 1566 iudieium
856 1506 931 1566 ante
953 1501 1084 1567 tertium
1097 1499 1216 1565 debere
1236 1499 1332 1581 adiri,

236 1616 268 1676 et
290 1612 398 1676 statim
421 1609 593 1676 suceedere
615 1603 755 1690 δικάζειν
775 1607 834 1691 μὲν
855 1612 927 1686 τοῖς
945 1594 1046 1672 τᾶλλα
1058 1602 1248 1696 δικαστήρια
1270 1632 1333 1695 φτ·-

235 1719 348 1802 γοῦσιν
369 1719 485 1800 (767⁶).
530 1719 715 1786 (londonem
747 1720 934 1802 obloquenti
967 1725 1099 1804 propter
1129 1720 1230 1785 verba
1260 1721 1333 1795 τοῖς

235 1824 273 1892 τὸ
297 1827 409 1910 τρίτον
437 1821 699 1916 ἀμφισβητοῦσιν
729 1829 881 1912 flagitari,
914 1813 949 1895 ut
976 1831 1088 1912 aliqua
1119 1831 1217 1895 trium
1249 1829 1331 1895 iudi-

236 1940 360 2005 eiorum
381 1940 578 2004 enumeratio
601 1941 823 2022 praeeesserit.
866 1939 1084 2004 Nihilominus
1110 1960 1150 2003 ea
1170 1960 1254 2021 quae
1272 1937 1333 2003 hoe

240 2050 311 2114 loeo
330 2049 548 2132 praemittitur
564 2048 767 2113 adumbratio
786 2048 979 2114 iudiciorum
992 2051 1039 2112 ita
1056 2049 1253 2113 eonlormata
1275 2053 1333 2130 est,

238 2163 480 2241 ut'superesset
506 2156 629 2223 offensa
656 2179 720 2222 non
742 2157 851 2222 dubia.
903 2158 1135 2223 Postulandum
1162 2146 1212 2222 est
1237 2159 1332 2238 enim,

237 2272 272 2332 ut
305 2266 418 2331 eodem
451 2265 565 2331 ordine
598 2266 775 2349 eademque
803 2268 928 2355 ratione
961 2272 993 2331 et
1014 2267 1196 2332 indieentur
1225 2272 1258 2331 et
1276 2246 1332 2331 ¹ex·

237 2381 397 2460 ponantur
413 2374 543 2441 iudioia.
577 2375 701 2441 Tamen
713 2381 744 2441 et
756 2374 868 2441 ordine
880 2382 912 2440 et
930 2377 1054 2445 ratione
1073 2374 1226 2440 differunt
1249 2375 1332 2440 duae

236 2485 333 2550 huius
355 2486 473 2568 eapitis
496 2470 742 2568 disputationes.
784 2486 869 2550 Nam
891 2485 1000 2568 priore
1014 2486 1085 2550 loeo
1108 2490 1334 2550 enumerantur

236 2594 333 2676 quasi
349 2593 493 2660 eiusdem
508 2595 636 2677 generis
658 2596 722 2659 tria
738 2595 914 2669 tribunalia
935 2596 1080 2677 privata3
1103 2595 1235 2677 publiea
1255 2614 1332 2659 vero

236 2724 277 2769 ne
299 2725 363 2770 uno
386 2699 519 2785 quidem
539 2704 637 2769 verbo
661 2698 957 2770 commemorantur.
995 2703 1105 2769 Altero
1128 2710 1334 2787 opponuntur

237 2815 375 2898 primurn
398 2811 611 2878 diaetetarum
634 2813 765 2879 iudioiis
787 2815 913 2895 reliqua
943 2813 1080 2893 iudioia3
1116 2804 1233 2879 deinde
1253 2812 1334 2880 haee

237 2921 426 2988 dividuntur
449 2923 483 2985 in
506 2923 632 3006 privata
654 2927 686 2987 et
708 2906 855 3005 publioa3
877 2928 974 3005 atque
997 2924 1031 2986 in
1052 2922 1115 2988 fine
1137 2922 1264 2988 demum
1286 2929 1333 2987 to·

237 3033 302 3108 tius
317 3032 531 3116 expositionis
546 3032 590 3097 ad
604 3033 791 3116 primarium
808 3033 962 3098 iudioiurn
978 3033 1169 3098 selectorum
1192 3031 1333 3096 iudioum

237 3140 394 3207 aoeedunt
407 3142 560 3217 submota,
575 3143 669 3223 quasi
680 3140 743 3206 huo
757 3143 965 3225 pertinerent,
981 3142 1147 3206 tribulium
1159 3141 1335 3206 tribunalia

236 3256 291 3334 „ut
313 3251 411 3315 etiarn
425 3250 624 3335 privatarum
640 3271 809 3316 causarum
823 3252 962 3334 populus
977 3252 1140 3334 partioeps
1162 3249 1219 3315 fiat
1237 3270 1334 3332 quam

236 3356 395 3426 maxime“
417 3358 532 3438 (reeb).
634 3396 637 3401 ·

338 3468 439 3534 Vides
461 3468 542 3535 duas
574 3469 634 3535 has
660 3470 880 3553 expositiones
908 3490 945 3535 eo
982 3470 1117 3534 oonsilio
1150 3468 1248 3534 soribi
1270 3488 1334 3532 non

237 3577 392 3671 potuisse
414 3582 450 3642 ut
471 3578 574 3668 altera
595 3578 728 3643 alteram
748 3567 965 3661 praepararet.
1008 3578 1078 3642 Iam
1100 3577 1183 3642 sieut
1204 3595 1334 3642 oausam

235 3685 355 3751 trustra
387 3686 673 3770 oireumspioimus,
714 3707 770 3753 eur
800 3686 886 3753 idem
917 3687 979 3754 hoo
1011 3688 1081 3752 loeo
1114 3686 1165 3751 bis
1199 3684 1335 3766 dicatur,

179 3830 181 3837 ι
237 3793 283 3859 ita
294 3795 393 3859 etiam
403 3795 533 3860 turbata
544 3801 593 3860 est
604 3795 838 3877 quodammodo
851 3796 1067 3878 aequabilitas
1079 3799 1256 3861 contextus.
1272 3792 1336 3871 uui

237 3903 322 3968 enirn
344 3904 450 3987 priore
484 3903 677 3970 iudiciorum
698 3906 873 3988 partitione
895 3911 1149 3989 praeoooupatus
1171 3902 1213 3968 ad
1234 3902 1335 3967 verba

236 4011 361 4076 aceedit
390 4005 449 4077 δύο
471 4005 510 4096 δὴ
534 4013 600 4075 τῶν
621 4010 749 4075 λοιπῶν
773 4006 858 4076 ἔσται
881 4006 1028 4100 κριτήρια
1057 4034 1082 4078 e.
1105 4032 1135 4096 q.
1157 4032 1181 4078 s.
1216 4008 1333 4097 (767b),

209 4174 213 4183 .
237 4120 264 4183 is
286 4122 468 4187 necessario
497 4121 531 4185 in
553 4141 692 4186 errorem
714 4122 884 4204 abripitur,
914 4127 949 4187 ut
970 4121 1052 4187 haee
1072 4122 1173 4187 verba
1193 4123 1233 4189 de
1256 4123 1331 4188 reli-

236 4230 309 4312 quis
331 4229 457 4296 duobus
479 4231 653 4314 privatis
676 4230 807 4297 iudioiis
829 4230 918 4297 dieta
939 4251 1010 4298 esse
1033 4233 1191 4317 opinetur.
