3312 4906
824 327 862 388 14

293 507 414 572 sarium
428 510 477 571 cst
491 504 700 589 purgationes
719 503 791 584 deri
813 505 847 569 in
861 505 1005 570 cuiuvas
1020 504 1163 570 civitatis
1178 503 1282 586 initio,
1304 523 1388 586 quae

292 614 416 699 duplici
446 614 571 679 ratione
604 617 636 678 ot
666 612 794 677 mitiore
827 617 859 678 ct
892 612 1055 678 severiore
1086 617 1222 696 possunt
1250 612 1387 679 institui.

292 723 416 789 Neutra
436 740 513 788 vero
535 721 570 786 in
592 720 751 804 singulari
772 718 834 786 hac
855 726 967 787 nostra
992 720 1071 786 urbe
1093 739 1135 786 ex
1156 719 1388 787 diversissimis

293 831 444 915 gentibus
475 835 546 896 orta
570 827 720 895 adhiberi
746 833 861 912 potest.
890 863 932 874 —
958 827 1108 895 Ceterum
1139 847 1204 893 non
1230 833 1281 894 est
1308 829 1389 894 obli·

292 939 481 1007 viucendum
502 940 537 1004 iu
558 937 620 1004 hac
640 943 752 1004 nostra
772 937 956 1003 calamitate
978 935 1039 1003 hoc
1065 941 1174 1002 tamen
1195 937 1316 1022 optime
1337 957 1388 1004 ae

293 1048 412 1132 cidere,
445 1047 532 1130 quod
559 1047 668 1112 adona
696 1052 773 1111 sunt
803 1045 845 1111 ab
867 1044 929 1111 hac
950 1046 1083 1111 civitate
1105 1045 1214 1112 omnia
1234 1045 1389 1131 pericula,

293 1178 377 1242 quae
398 1177 440 1223 ex
460 1160 650 1240 paupertate
671 1153 837 1219 homiuum
859 1154 941 1219 oriri
963 1151 1097 1220 solent“.

392 1265 459 1333 Suo
476 1271 573 1331 certo
601 1264 672 1329 iure
705 1263 753 1328 ita
782 1263 993 1328 ratIouinatur
1022 1263 1168 1348 scriptor.
1221 1262 1291 1328 Iam
1311 1282 1389 1330 vcro

293 1374 454 1442 eosdem
477 1409 513 1420 -
537 1374 572 1439 ni
586 1372 681 1438 lallor
704 1405 743 1415 -
765 1370 911 1437 homines
925 1371 1173 1455 purgationibus
1196 1372 1264 1438 suis
1286 1378 1319 1437 et
1340 1391 1389 1438 se-

292 1505 372 1552 vera
385 1486 443 1550 illa
456 1490 489 1549 ct
507 1483 634 1548 mitiore
661 1479 871 1547 removendos
893 1499 965 1546 csse
980 1482 1147 1546 constituit
1167 1479 1389 1565 philosophus.

294 1593 369 1659 Soio
385 1593 419 1657 in
440 1590 631 1658 excutiendo
646 1580 781 1676 ἀλγεινῷ
797 1583 913 1675 τρόπῳ
928 1583 1124 1672 καθάρσεως
1145 1592 1222 1653 735⁰
1247 1589 1389 1656 nefarios

293 1703 328 1767 in
349 1702 534 1773 uniuersum
555 1699 701 1765 homines
723 1700 842 1765 notari:
874 1696 952 1774 τους
973 1693 1035 1783 γαρ
1057 1697 1191 1783 μέγιστα
1213 1697 1390 1784 ἐξημαρτη-

294 1803 402 1894 κότας,
422 1800 575 1885 ἀνιάτους
589 1805 625 1872 δὲ
641 1796 745 1888 ὄντας,
766 1805 919 1891 μεγίστην
936 1806 972 1872 δὲ
992 1793 1092 1871 οὖσαν
1106 1801 1232 1892 βλάβην
1248 1802 1390 1884 πόλεως.

295 1919 420 1985 Tamen
440 1918 492 1983 his
513 1916 622 1983 verbis
647 1937 712 1982 non
733 1935 788 1982 eos
816 1915 978 1999 significat
1009 1917 1085 1999 „qui
1107 1918 1390 1984 commiserunt

296 2025 447 2094 scelera“.
490 2026 543 2091 Illi
567 2026 654 2091 enim
679 2045 744 2090 non
766 2026 869 2090 solum
891 2026 925 2090 in
946 2026 1117 2109 tyrannica
1138 2026 1197 2092 sed
1218 2027 1252 2091 in
1274 2025 1389 2109 quavis

296 2137 436 2219 civitate,
469 2137 504 2201 in
526 2154 591 2218 qua
610 2136 701 2218 leges
728 2136 846 2217 valent,
878 2140 980 2201 morte
1001 2136 1054 2201 vel
1082 2135 1181 2200 exilio
1214 2136 1390 2220 puniuntur

296 2238 455 2328 (θάνατον
476 2237 497 2331 ἢ
515 2236 620 2329 φυγὴν
640 2244 680 2331 τῇ
701 2241 843 2328 τιμωρίᾳ
864 2237 902 2307 τὸ
928 2241 1021 2319 τέλος
1042 2240 1228 2323 ἐπιτιθείς).
1254 2244 1319 2310 Eos
1341 2244 1389 2310 ni·

295 2355 412 2420 mirum
424 2352 513 2435 dicit,
536 2353 592 2435 qui
606 2358 738 2436 propter
752 2352 897 2435 aliquam
916 2371 1048 2417 causam
1068 2353 1163 2435 proni
1185 2353 1251 2418 sint
1271 2351 1315 2418 ad
1335 2371 1390 2418 ne·

297 2462 440 2545 quitiam.
483 2460 633 2527 Indicant
660 2481 736 2527 vero
758 2460 842 2554 hano
869 2481 1000 2528 causam
1021 2462 1122 2528 verba
1144 2466 1219 2526 735θ
1241 2454 1314 2526 ὅσοι
1336 2456 1390 2526 διὰ

295 2565 354 2654 τὴν
375 2571 433 2658 τῆς
447 2569 574 2658 τροφῆς
595 2560 738 2651 ἀπορίαν
758 2572 831 2646 τοῖς
852 2563 1007 2653 ἡγεμόσιν
1022 2567 1079 2634 ἐπὶ
1099 2565 1140 2634 τοί
1161 2569 1230 2635 τῶν
1251 2564 1391 2651 ἐχόντων

295 2673 340 2763 μὴ
372 2674 502 2758 ἔχοντες
532 2672 685 2760 ἑτοίμους
716 2671 835 2754 αὐτοὺς
864 2675 1076 2743 ἐνδείκνυνται
1110 2671 1391 2763 παρεσκευακότες

297 2782 453 2867 ἔπεσθαι,
492 2779 622 2863 τούτοις
654 2781 705 2863 ὥς
736 2779 927 2872 νοσήματι
956 2781 1116 2866 πόλεως
1142 2781 1391 2873 ἐμπεφυκότι

295 2893 337 2961 ds'
359 2887 520 2982 εὐφημίας
540 2886 728 2979 ἀπαλλαγὴν
749 2883 851 2979 ίίνομα
874 2886 1029 2960 ἀποικίαν
1052 2895 1227 2980 τιθέμενος
1248 2888 1391 2979 εάμενοίς

296 2998 368 3071 ὅτι
388 2999 529 3089 μάλιστα
550 3002 772 3088 ἐξεπέμψατο.
803 3006 874 3087 (eiu.
888 3003 1084 3089 μεγίστην
1098 3004 1138 3071 δὲ
1158 2991 1280 3072 οὖσαν
1300 2998 1391 3088 βλά-

295 3116 369 3198 βην
382 3108 480 3180 πόλι
489 3112 564 3196 ως).
597 3113 701 3197 Igitur
715 3113 877 3197 quidquid
888 3113 950 3180 hoc
964 3115 1071 3200 capite
1086 3115 1128 3183 dc
1143 3116 1391 3201 purgationibus

254 3239 255 3243 ’
295 3222 418 3289 dictum
440 3228 498 3305 est,
520 3221 561 3288 de
582 3222 631 3288 ein
651 3222 856 3307 potissimum
876 3221 1061 3289 hominibus
1075 3225 1162 3290 valet
1184 3226 1240 3308 qui
1260 3230 1392 3309 propter

296 3333 464 3416 penuriam
483 3331 636 3416 propensi
658 3336 732 3396 sunt
753 3330 797 3396 ad
817 3333 949 3398 scelera
990 3331 1085 3411 Quod
1098 3339 1270 3418 postquam
1283 3335 1392 3418 priore

296 3445 388 3523 parte
410 3439 604 3523 generaliter
625 3438 824 3523 disputatum
850 3445 908 3522 est,
936 3440 1127 3525 adplicatur
1149 3442 1327 3523 posteriorc
1348 3440 1392 3506 ad

297 3547 457 3613 coloniam
477 3547 561 3613 hano
583 3545 780 3629 Cretensem,
801 3548 836 3612 in
858 3566 923 3630 qua
944 3567 1009 3613 non
1031 3547 1161 3631 quidem
1182 3550 1217 3614 vi
1239 3549 1298 3615 sed
1319 3568 1390 3633 per-

297 3655 462 3722 suadendo
484 3657 651 3723 constituit
677 3656 888 3742 philosophus
920 3658 1003 3725 talos
1029 3657 1174 3725 homines
1196 3677 1268 3724 esse
1289 3678 1391 3724 remo-

296 3765 428 3833 vendes.

396 3873 469 3953 Qua
486 3894 523 3941 rc
540 3873 636 3941 valde
662 3874 901 3960 inexpectatum
922 3877 1068 3960 sequitur
1093 3882 1190 3962 eaput
1203 3874 1293 3958 VIII,
1326 3894 1391 3958 quo

296 3984 415 4049 multus
438 3988 487 4049 est
512 3983 724 4068 philosophus
753 3986 787 4049 in
808 3984 1029 4070 praedicanda
1055 3986 1141 4051 bona
1167 3986 1225 4050 illa
1254 3984 1392 4066 iortuna,

297 4112 355 4177 per
377 4112 473 4177 quam
495 4092 599 4159 libera
620 4090 663 4160 sit
683 4113 736 4161 res
758 4094 890 4178 publica
920 4114 980 4161 sua
1006 4094 1048 4159 ab
1076 4094 1162 4159 omni
1191 4093 1335 4178 periculo
1358 4092 1392 4158 in

297 4202 514 4288 possessionis
537 4201 725 4269 diversitate
747 4203 862 4287 posito.
