3312 4906
842 371 881 431 32

315 548 493 635 disputatio
515 549 556 615 de
584 550 641 632 eis,
675 570 758 632 quae
785 550 845 616 has
867 552 951 618 inter
983 572 1034 619 res
1056 553 1175 637 magni,
1210 542 1301 637 quae'
1316 547 1412 638 parvi

207 715 211 722 .
313 660 466 724 momenti
488 660 560 724 sint.

411 769 518 851 Atque
540 768 584 833 ad
605 767 741 833 eandem
763 769 1001 834 conclusionem
1023 790 1061 834 eo
1083 770 1297 854 perducimur,
1319 771 1407 854 quod

314 880 436 943 multae
458 880 556 943 etiam
575 878 693 944 adsunt
707 899 758 943 res
781 879 815 942 in
837 880 1077 945 enumeratione
1100 881 1165 963 illa,
1187 901 1407 966 quasvparvas

229 980 232 987 ’
314 1008 386 1054 esse
412 988 500 1052 nullo
528 1007 658 1069 prorsus
683 987 782 1053 verbo
815 987 991 1053 indicatum
1013 994 1109 1053 antea
1129 989 1199 1054 init.
1235 990 1300 1055 Ubi
1322 991 1407 1055 enim

315 1097 451 1180 scriptor
483 1094 524 1161 de
557 1096 826 1179 completionibus
859 1096 1002 1163 iudicum
1026 1090 1238 1181 (πληρώσεις)
1261 1097 1305 1164 de
1328 1098 1407 1164 dila·
1522 1128 1526 1135 ⁴

312 1206 455 1271 tionibus
492 1194 675 1289 (ἄναβσλαί)
712 1205 753 1270 de
790 1205 903 1271 ordine
938 1207 1100 1271 actionum
1135 1205 1320 1288 (προτέρων
1353 1207 1410 1281 καὶ,

312 1309 457 1397 ὑστέρων
482 1306 603 1398 λήξεις)
634 1314 676 1380 de
708 1316 902 1381 necessitate
934 1315 1152 1398 respondendi
1184 1306 1407 1399 (ἀποκρίσεων

313 1417 461 1510 ἀνάγκαι)
483 1424 524 1490 de
545 1430 691 1508 tempore
713 1444 777 1506 quo
806 1425 881 1490 lites
903 1424 1121 1490 instituendae
1143 1426 1208 1490 sint
1228 1419 1353 1507 (χρόνοι
1373 1423 1407 1489 ἐν

312 1524 365 1611 αἶς
386 1530 504 1598 ἕκαστα
525 1531 694 1617 γίγνεσθαι
715 1525 833 1616 χρεών)
867 1532 908 1598 de
931 1526 1236 1615 παρακαταβάσεων
1249 1532 1274 1617 1)
1297 1535 1405 1618 dispu-

311 1645 437 1727 taverit,
459 1644 579 1708 irus'tra
601 1643 634 1706 in
655 1648 723 1707 toto
746 1661 843 1726 opere
864 1662 1009 1724 quaeres.

411 1754 526 1835 ltaque
542 1751 600 1817 has
622 1771 674 1817 res
696 1753 791 1834 quasi
810 1770 927 1836 parvas
949 1751 1178 1835 relinquendas
1200 1770 1272 1816 esse
1294 1750 1406 1816 iubere

211 1845 214 1854 ¹
310 1884 375 1928 non
396 1868 493 1927 antea
514 1861 607 1925 Plato
629 1866 765 1943 poterat,
788 1881 885 1942 quarn
903 1881 959 1926 eas
980 1880 1099 1945 parvas
1121 1880 1192 1925 esse
1214 1860 1332 1944 ⁷‚semel
1353 1860 1406 1924 vel

310 1968 382 2037 bis“
414 1968 637 2052 significasset.
689 1967 796 2050 Atque
819 1968 1086 2060 distributionem¹
1101 1968 1245 2034 indicare
1277 1968 1406 2034 videtur

311 2081 410 2146 etiam
431 2099 496 2143 vox
512 2072 632 2142 ὁπόσα.
669 2076 762 2155 Quod
779 2078 807 2142 si
822 2084 909 2142 recte
923 2077 1122 2162 disputatum
1144 2084 1202 2161 est,
1225 2078 1292 2142 iam
1313 2078 1405 2142 intel·

309 2187 400 2269 leges
422 2206 479 2251 eur
506 2183 619 2249 addita
641 2185 684 2249 sit
704 2185 864 2268 particula
885 2183 930 2261 δὲ,
954 2205 1038 2267 quae
1060 2186 1139 2250 satis
1161 2186 1257 2268 plane
1279 2191 1312 2251 et
1334 2187 1406 2270 ipsa

311 2290 433 2361 indicat
454 2300 552 2360 antea
573 2293 613 2359 d'e
635 2293 731 2358 robus
753 2314 817 2358 non
839 2295 949 2379 parvis
972 2293 1171 2376 disputatum
1192 2295 1300 2360 fuisse.

315 2388 322 2477 s
410 2403 594 2486 Sequuntur
626 2403 727 2468 verba
751 2388 870 2485 'aliqua
891 2402 931 2468 de
958 2404 1098 2486 publicis
1124 2404 1236 2486 eisque
1263 2403 1404 2489 iudiciis,

195 2519 202 2528 '
310 2535 367 2599 per
389 2534 473 2597 quae
489 2514 697 2596 magistratus
711 2533 843 2578 munere
866 2532 924 2577 suo
949 2513 1123 2595 iungantur
1144 2507 1197 2593 (coi
1211 2502 1248 2577 δὲ
1263 2508 1403 2598 δημόσια
1436 2540 1440 2548 ·

310 2624 364 2687 καὶ
395 2616 488 2687 καινὰ
515 2620 569 2687 καὶ
591 2616 683 2699 ὅσαις
715 2611 813 2704 ἀρχὰς
845 2621 898 2686 δεῖ
929 2621 1095 2705 χρωμένας
1127 2617 1169 2686 τὰ
1195 2617 1405 2710 προσήκοντα

310 2726 436 2819 ἑκάστῃ.
454 2733 521 2796 τῶν
552 2722 660 2811 ἀρχῶν
695 2730 859 2814 &corcang
894 2751 977 2813 quae
1009 2737 1108 2814 negat
1138 2731 1200 2797 hoc
1232 2752 1329 2816 opere
1352 2752 1403 2797 ac-

309 2844 451 2908 curatius
485 2859 556 2906 esse
584 2839 792 2918 delineanda3
828 2839 925 2905 iacile
958 2840 1044 2905 enim
1072 2824 1181 2924 legum
1214 2840 1404 2907 custodese

308 2952 507 3043 reliquarum
539 2949 708 3015 civitatum
740 2949 896 3020 institutis
928 2946 992 3013 buo
1023 2949 1259 3032 pertinentibus
1281 2950 1404 3034 optima

308 3079 404 3145 posse
425 3060 555 3142 eligere.
599 3058 750 3122 Attamen
770 3057 903 3141 publiea
924 3055 1047 3122 iudicia
1067 3058 1147 3122 satis
1176 3064 1327 3123 accurate
1348 3057 1403 3123 de·

311 3171 431 3251 scripta
452 3175 564 3233 extant
586 3188 638 3251 pg.
661 3169 758 3251 7682
771 3187 831 3232 nec
852 3165 970 3231 desunt
991 3173 1165 3251 praecepta
1197 3166 1238 3233 de
1271 3167 1402 3233 iudiciis

309 3276 467 3344 adeundis
504 3276 532 3341 si
565 3296 632 3358 qua
652 3294 751 3342 causa
782 3276 990 3358 magistratus
1023 3282 1216 3360 potestatem
1248 3276 1402 3343 excedat:

308 3391 385 3451 846,α
409 3383 488 3449 847¹>
511 3389 588 3450 932ο
611 3385 650 3449 el.
673 3385 772 3449 etiam
793 3387 873 3447 7610
895 3391 928 3450 et
950 3388 1019 3451 762.
1115 3465 1118 3470 .

407 3494 565 3561 Dubitavi
587 3513 664 3557 num
684 3494 818 3559 alterius
840 3495 1019 3578 particulae
1041 3494 1138 3559 linis
1161 3496 1286 3578 integer
1308 3500 1401 3560 esset.

308 3607 473 3671 Initium
485 3609 620 3687 quartae
629 3604 654 3684 2)
667 3602 747 3667 mihi
759 3604 976 3688 suspicionem
988 3606 1096 3670 movit.
1119 3604 1260 3669 Πολλῶν
1270 3604 1402 3687 quidem

408 3783 441 3875 1)'
459 3804 615 3876 adstipulor
637 3804 711 3858 enim
732 3804 767 3860 de
792 3804 884 3874 ignoti
908 3805 990 3860 huius
1013 3807 1142 3862 vocabuli
1167 3807 1402 3876 interpretatione

309 3904 389 3959 Aetio
408 3907 438 3958 et
463 3902 654 3958 Stallbaumio.
691 3896 967 3972 Παρακαταστάσεων
993 3902 1067 3956 enim
1095 3903 1152 3958 sive
1170 3904 1403 3975 παρακαταβολῶν

306 4000 534 4055 consuetudinem
552 3998 663 4052 Platoni
682 4016 737 4053 non
755 3998 894 4066 placuisse
918 4004 947 4053 ct
972 4000 1083 4054 silentio
1102 4001 1247 4069 probatur,
1266 4006 1330 4070 'quo
1348 4001 1402 4054 hoe

307 4096 443 4167 premitur
466 4098 496 4149 et
514 4112 555 4162 eo,
582 4094 657 4164 quod
676 4111 737 4148 eam
762 4094 797 4148 cd
815 4094 984 4164 puniendum
1004 4094 1175 4164 provocandi
1203 4097 1317 4150 abusum
1346 4115 1403 4151 non

307 4193 444 4248 adhibuit.
603 4184 608 4233 i

406 4290 436 4362 2)
454 4289 528 4345 Haec
545 4293 609 4343 sunt
627 4288 728 4356 verbat,
744 4284 798 4341 ὅσα
817 4288 849 4341 δὲ
869 4262 935 4359 περὶ
950 4302 978 4343 τε
1001 4286 1082 4359 σιγὴν
1099 4290 1235 4344 δικαστῶν
1253 4295 1298 4343 καὶ
1316 4287 1398 4363 εὐφη-
