3312 4906
810 383 849 446 36

275 557 375 633 λακας
406 552 465 622 iola
493 553 721 640 κατηγορείτω·
755 550 774 621 ὁ
806 554 842 622 δὲ
876 546 990 643 ι’)’φλων
1021 551 1079 644 τὴν
1110 551 1262 643 τοιαύτην
1283 556 1374 642 δίκην

277 660 429 746 ὑπεχέτω
460 662 519 747 μέν
552 664 612 729 τοῦ
634 658 779 745 βλάβους
804 667 852 750 τῷ
873 664 1058 751 βλαφθέντι
1084 660 1122 731 τὸ
1145 660 1242 754 ἥμισυ
1264 664 1371 746 τίνειν,

277 773 332 841 ἐὰν
362 773 399 840 δέ
420 771 569 857 μείζονος
599 762 690 854 ίίξιος
712 765 796 838 εἶναι
819 769 898 859 δόξῃ
921 773 1042 859 ζημίας,
1077 775 1265 863 προοτιμᾷν
1295 770 1373 852 τούς
1398 767 1401 781 ’

275 882 444 967 κρίναντας
462 878 521 970 τὴν
542 882 643 968 δίκην,
678 877 698 947 δ’
717 905 749 947 τι
770 877 830 968 χρὴ
851 877 938 966 πρὸς
957 879 1063 969 τούτῳ
1082 886 1104 967 ¹)
1125 887 1253 948 παθεῖν
1275 876 1374 949 αὐτὸν

277 986 297 1080 ἢ
318 984 486 1057 ἀποτίνειν
506 998 555 1078 τῷ
574 994 673 1077 κοινῷ
695 991 750 1057 καί
769 992 817 1076 τῷ
832 986 891 1077 τὴν
912 990 1003 1075 δίκην
1024 991 1245 1077 desecandum·
1279 992 1373 1070 Quod

277 1102 363 1166 enim
394 1101 448 1166 hic
470 1102 631 1181 expressis
652 1101 762 1167 verbis
784 1101 918 1167 dicitur:
953 1101 1094 1167 iudicem
1125 1103 1224 1167 etiam
1257 1102 1373 1167 summi

276 1192 383 1293 atque¹
395 1211 492 1293 primi
514 1210 685 1276 tribunalis
707 1229 728 1275 a
751 1212 867 1294 quovis
885 1211 1036 1276 *accusari
1058 1228 1162 1294 posse,
1191 1211 1373 1293 cuicunque
1426 1247 1429 1252 ·

276 1318 426 1384 videatur
448 1319 553 1384 sciens
586 1321 705 1385 iniuste
737 1317 909 1403 iudicasse,
942 1318 1003 1384 hoc
1028 1321 1168 1404 primum
1189 1339 1246 1402 per
1268 1338 1303 1384 se
1325 1319 1372 1383 in-

276 1426 423 1492 auditum
437 1433 495 1510 est,
516 1429 709 1511 praesertim
723 1448 795 1493 oum
810 1428 864 1493 lex
879 1429 926 1492 ita
941 1428 1138 1493 conformata
1153 1429 1204 1511 sit,
1224 1428 1260 1492 ut
1274 1429 1373 1492 etiam

208 1555 214 1566 ’
277 1534 487 1601 condemnato
501 1537 600 1601 licere
614 1536 788 1618 videretur,
810 1536 951 1601 iudicem
970 1537 1004 1600 in
1019 1537 1070 1601 ins
1084 1556 1209 1601 vocare.
1245 1535 1372 1601 Deinde

274 1640 527 1726 utneglegamus
537 1664 608 1709 esse
616 1664 685 1709 rem
693 1646 921 1728 planenovam,
933 1646 1050 1728 cuique
1058 1644 1372 1727 licereasiugulis

277 1753 393 1817 summi
405 1744 520 1817 iudicii
533 1752 695 1819 iudicibus
710 1755 852 1819 rationes
866 1773 999 1838 poscere
1012 1773 1123 1836 earum
1141 1754 1372 1818 sententiarum

276 1879 357 1942 quas
371 1866 494 1926 totum
507 1860 650 1926 decrevit
665 1861 830 1945 iudicium,
853 1864 963 1945 aliquo
980 1863 1009 1927 si
1024 1863 1131 1946 placet
1150 1861 1371 1945 experimento

277 1975 553 2053 repraesentemus
596 1969 824 2035 miram·hano
858 1976 956 2053 atque
999 1969 1170 2035 ridiculam
1202 1988 1372 2035 causarum

277 2079 406 2143 scriem:
427 2078 600 2143 Existimat
614 2079 733 2161 aliquis
750 2098 784 2144 se
800 2080 920 2145 iniuria
935 2099 955 2143 a
977 2079 1228 2144 selectorum
1250 2077 1371 2144 iudicio

277 2185 529 2252 condemnatum·
541 2206 621 2252 esse.
659 2188 733 2271 lpse
756 2189 855 2271 igitur
870 2186 1010 2252 iudicem
1024 2188 1166 2269 aliquem
1180 2187 1371 2252 selectorum

275 2295 311 2359 in
334 2296 385 2360 ius
405 2301 508 2360 vocat.
540 2295 674 2360 Multam
696 2296 807 2362 dicunt
828 2295 1152 2382 nomophylaces.
1195 2295 1372 2378 Displicuit

275 2409 384 2469 autem
405 2403 466 2469 hoc
480 2403 691 2489 euthynis,
716 2426 851 2488 quornm
871 2406 1014 2470 examini
1031 2424 1140 2470 omncs
1162 2405 1370 2486 magistratus

275 2510 407 2576 obnoxii
421 2518 495 2577 sunt
509 2510 627 2598 (946⁰).
661 2514 857 2580 Adficiuntur
880 2515 980 2598 igitur
997 2533 1102 2598 poena
1116 2512 1224 2604 abnhis
1244 2513 1371 2595 legum

275 2620 471 2686 custodes.
497 2621 630 2704 'Neque
645 2643 721 2688 vero
753 2625 787 2688 in
808 2643 848 2688 ea
865 2625 1075 2705 acquiescunt
1097 2621 1257 2704 custodes,
1278 2640 1370 2685 accu-

276 2734 349 2793 sant
381 2728 540 2813 euthynas
563 2768 601 2777 -
625 2732 750 2797 iudices
782 2737 875 2797 eruut
897 2730 1013 2815 eidem,
1045 2730 1205 2813 aquibus
1229 2736 1297 2795 tota
1318 2748 1370 2794 res

225 2924 230 2928 „
275 2843 388 2902 exorta
409 2843 459 2903 cst
482 2874 520 2883 -
544 2832 575 2902 οἱ
599 2837 743 2903 ἐκλεκτοί
764 2837 921 2903 δικασταί.

381 2945 453 3024 Qua
478 2967 513 3013 re
537 2967 608 3014 esse
635 2946 760 3029 aliquid
795 2947 928 3013 absurdi
950 2949 984 3012 in
1001 2948 1062 3014 hoc
1095 2949 1242 3016 instituto
1273 2948 1369 3013 laeile

276 3055 454 3138 intelleges.
498 3055 592 3134 Quod
618 3063 734 3140 tamen,
768 3058 796 3121 si
819 3056 943 3122 offensa
966 3058 1000 3121 in
1025 3063 1206 3123 retentum
1238 3057 1370 3122 insolita
1442 3124 1445 3128 Α

274 3164 405 3247 inesset,
422 3185 487 3229 non
504 3185 690 3249 premerem.
723 3166 834 3231 Potest
850 3167 935 3231 enim
947 3166 1102 3233 iudicium
1114 3168 1261 3250 cogitari,
1277 3166 1369 3232 cuius

273 3274 452 3338 sententiae
474 3280 707 3358 sacrosanctae,
734 3274 858 3341 iudices
881 3254 957 3342 uero
978 3269 1163 3340 ὑπεύθυνοι
1188 3276 1261 3340 sint.
1303 3273 1370 3340 Sed

275 3400 348 3445 cum
362 3380 422 3447 hoc
443 3388 552 3447 nostro
574 3383 644 3448 loco
667 3390 778 3468 aperte
793 3383 974 3467 doceamur,
996 3386 1132 3450 selectos
1148 3382 1271 3448 iudices
1297 3392 1368 3449 esse
1437 3414 1441 3424 =

273 3479 490 3568 ὑπευθύνους,
515 3512 647 3576 prorsus
663 3492 848 3578 discrepant
861 3493 972 3574 verba,
994 3508 1078 3575 quae
1099 3494 1250 3575 leguntur
1274 3495 1367 3557 7610:

262 3592 427 3683 »δικαστὴν
460 3596 496 3663 δὲ
527 3600 581 3664 καί
603 3589 744 3683 ίίρχοντα
767 3592 997 3665 ἀνυπεύθυνον
1018 3591 1133 3666 οὐδένα
1154 3594 1294 3688 δικάζειν
1314 3600 1369 3665 καί

272 3694 382 3787 ίίρχειν
402 3706 455 3771 δεῖ
475 3703 561 3796 πλὴν
581 3712 647 3773 τῶν
668 3709 709 3775 cd
736 3708 829 3787 τέλος
851 3708 1068 3774 ἐπιτιθέντων
1100 3698 1173 3775 οἷον
1198 3709 1367 3791 βασιλέων.

265 3814 365 3893 Ωιταε
387 3814 428 3881 de
456 3816 619 3884 iudicibus
646 3821 774 3886 selectis
805 3820 872 3885 dioi
898 3825 930 3885 et
952 3839 1065 3886 sensus
1088 3826 1199 3905 aperte
1221 3819 1315 3885 docet
1336 3826 1368 3885 et

274 3924 429 3990 similium
448 3926 590 3993 locorum
614 3930 810 4014 comparatio
832 3931 924 3994 767³:
954 3923 993 3994 ad
1017 3927 1054 3993 δὲ
1073 3927 1183 4013 τρίτον
1205 3923 1368 4016 (δικαστή-

273 4030 358 4114 ριον)
381 4084 389 4097 .
413 4083 420 4098 .
441 4084 448 4099 .
473 4033 567 4113 τέλος
591 4035 740 4102 ἐπιθέτω
762 4039 803 4127 τῇ
824 4036 907 4125 δίκῃ.
947 4037 1039 4103 acab:
1061 4032 1099 4102 ad
1123 4035 1159 4102 δὲ
1185 4036 1278 4113 τέλος
1299 4036 1367 4120 κρί-

275 4160 472 4176 ι-ῄ-σ-ὸ-

376 4261 403 4329 1)
421 4257 524 4319 τούτων
541 4267 573 4320 Α.
