3312 4906
788 353 825 420 lb

355 532 422 599 Sed
443 532 523 598 haee
545 532 737 601 subnotasse
757 536 835 600 satis
850 534 963 600 habeo.
1007 534 1084 601 Seio
1106 536 1186 600 oerti
1204 534 1252 600 nil
1266 510 1379 603 etlieix
1410 554 1411 563 ¹

254 640 306 706 his
318 641 631 707 ratiocinationibus.
664 641 702 706 In
718 660 757 707 eo
772 647 880 708 tamen
901 644 1083 709 consenties
1096 662 1231 726 meeum,
1253 643 1352 717 offen-

255 748 332 814 dere
354 748 434 814 talia
455 748 490 813 in
517 767 614 834 opere
642 748 784 833 perlecto
810 750 852 815 ab
884 751 954 834 ipso
977 756 1117 817 auotore.
1159 752 1233 816 Non
1252 750 1352 818 offen-

255 856 332 923 dent
361 857 390 923 si
420 862 542 922 eertum
569 857 640 939 erit,
668 857 755 939 quod
782 858 949 942 probaturi
983 879 1103 941 sumus,
1142 858 1353 926 haecomnia

255 965 302 1030 ita
330 966 500 1049 scripsisse
521 964 688 1031 Platonem
717 972 753 1031 ut
774 972 919 1050 speraret
943 966 1119 1050 aliquando
1141 987 1176 1033 se
1198 987 1238 1034 ea
1258 968 1353 1034 rima·

253 1080 361 1141 turum
383 1092 455 1139 esse
470 1078 502 1139 et
522 1075 765 1157 perpolitumm,
787 1094 860 1140 oum
875 1075 1026 1141 secundis
1041 1077 1128 1141 suris
1148 1081 1251 1142 totum
1271 1096 1353 1161 opus

255 1171 452 1248 retraetaret.

354 1290 531 1357 Videamus
563 1311 649 1357 nunu
682 1292 762 1375 quid
784 1292 825 1358 de
847 1293 1073 1359 constituenda
1105 1294 1185 1360 urbe
1217 1295 1355 1379 scriptor

256 1420 351 1484 porro
374 1398 562 1466 decreverit.
605 1399 712 1483 Atque
733 1402 768 1466 in
790 1401 1002 1486 disponendis
1023 1401 1253 1487 disputationis
1276 1422 1354 1469 suae

254 1508 402 1592 partibus
434 1527 648 1591 agnoscamus
679 1528 814 1575 neeesse
841 1515 890 1575 est
912 1529 1068 1575 summam
1096 1509 1283 1595 philosophi
1305 1531 1354 1577 sa·
1450 1555 1453 1563 ·

255 1617 420 1701 pientiam.
462 1598 547 1682 Nam
577 1617 687 1682 verbis
715 1618 854 1702 primum
884 1617 926 1683 de
955 1619 1147 1702 purgatione
1169 1621 1354 1685 uolonorum

169 1794 172 1799 ,
254 1724 359 1808 laetis,
391 1725 474 1791 bene
507 1727 640 1810 exponit
673 1745 770 1808 quam
796 1726 902 1792 fauste
934 1720 1007 1793 urbi
1036 1747 1141 1795 novae
1173 1728 1354 1811 eontigerit,

255 1838 291 1898 ut
311 1835 443 1916 aequali
464 1854 616 1917 agrorum
637 1833 865 1900 distributione
892 1836 1001 1901 omnia
1025 1834 1174 1919 dissidia,
1207 1856 1291 1919 quae
1313 1855 1353 1901 ex

255 1944 471 2027 possessionis
494 1942 683 2025 diversitate
706 1944 784 2008 oriri
807 1944 941 2026 soleant,
971 1945 1080 2009 statim
1101 1944 1143 2010 ab
1165 1945 1259 2010 initio
1281 1963 1353 2029 pos-

257 2051 321 2117 sint
343 2050 518 2137 profligari.
562 2051 705 2117 Caveant
735 2053 835 2135 igitur
864 2054 1048 2120 conditores
1076 2054 1167 2120 urbis
1192 2074 1234 2120 ne
1255 2056 1353 2124 talem

256 2159 416 2225 fortunam
454 2161 637 2244 neglegant.
697 2161 781 2226 Tum
813 2161 856 2226 ad
885 2162 992 2247 ipsam
1028 2183 1179 2247 agrorum
1219 2163 1353 2229 civium·

259 2285 321 2348 que
342 2267 602 2334 distributionem
631 2268 733 2352 (737⁰)
755 2269 889 2335 aeeedit.
945 2256 1012 2336 Sed
1032 2271 1233 2337 aoouratiore
1256 2269 1368 2343 desti.

258 2379 345 2441 tutus
382 2376 570 2444 condendae
589 2383 711 2452 ,terrae
730 2378 934 2461 *cognitione
970 2399 1139 2445 numerum
1171 2378 1264 2463 fingit
1296 2380 1353 2462 qui

258 2484 321 2557 sibi
354 2486 541 2569 aptissimus
584 2485 743 2551 videatur.
804 2485 909 2552 Sumit
949 2487 1048 2570 igitur
1087 2489 1229 2571 quinque
1260 2487 1354 2553 milia

257 2597 290 2658 et
304 2592 520 2677 quadraginta
541 2594 629 2677 uiues
648 2612 721 2659 esse
735 2593 854 2659 debere
868 2613 1038 2677 agrosque,
1061 2595 1101 2660 de
1121 2596 1214 2661 euius
1228 2596 1353 2661 numeri

256 2701 397 2766 utilitate
419 2702 454 2766 in
474 2700 538 2767 fine
559 2701 677 2785 eapitis
698 2702 841 2768 breviter
863 2702 1024 2784 quaedam
1045 2710 1301 2788 praemonentur.

357 2810 486 2889 Quare
507 2809 569 2876 hoe
590 2811 697 2895 eapite
729 2811 838 2876 omnia
866 2812 987 2896 optime
1008 2832 1044 2878 se
1065 2810 1193 2878 habent.
1236 2812 1354 2879 Statim

256 2939 334 2985 vero
358 2920 392 2984 in
412 2921 569 3004 perplexa
589 2939 700 2986 rursus
727 2926 825 3002 atque
846 2919 1020 3003 desperata
1036 2921 1218 2987 incidimus.
1260 2922 1355 3001 Quod

258 3031 344 3095 enim
367 3031 513 3112 sequitur
544 3037 720 3097 monstrum
750 3029 880 3115 periodi
911 3031 1068 3113 permiror
1088 3029 1216 3095 Astium
1246 3032 1354 3114 negle-

257 3141 357 3222 xisse,
384 3139 633 3206 Stallbaumium
654 3159 731 3206 vero
754 3139 824 3204 sine
845 3139 913 3204 ulla
934 3137 1136 3205 dubitatione
1157 3138 1201 3204 ad
1220 3139 1355 3205 verbum

262 3250 399 3316 vertisse
431 3247 524 3313 738b:

357 3355 534 3438 ταῦταμὲν
555 3341 613 3421 οὖν
627 3349 667 3440 δὴ
689 3354 743 3419 καὶ
762 3355 846 3420 κατὰ
865 3349 984 3442 σχολὴν
1005 3354 1057 3419 δεῖ
1070 3353 1212 3437 βεβαίως
1232 3353 1353 3437 λαβεῖν,

264 3455 318 3547 οἷς
344 3458 385 3529 dv
413 3460 431 3529 ὁ
464 3458 566 3548 νόμος
595 3457 785 3550 προστάττῃ
817 3456 1002 3545 λαμβάνειν·
1037 3458 1104 3543 ἔχει
1132 3457 1191 3547 γὰρ
1214 3449 1271 3527 οὖν
1292 3453 1355 3528 οὐκ

261 3563 369 3652 istoc
397 3567 418 3661 ἢ
449 3568 559 3661 ταύτῃ,
593 3572 645 3638 δεῖ
666 3572 703 3639 δὲ
723 3564 805 3637 αὐτὰ
831 3571 972 3658 ῥηθῆναι
992 3571 1059 3635 τῶν
1084 3569 1112 3636 δ’
1134 3567 1227 3636 ἕνεκα
1247 3593 1354 3635 κατοι-

259 3682 380 3766 κίζοντι
401 3678 510 3750 πόλιν.

358 3793 547 3879 Stallbaum.
568 3814 622 3877 pg.
645 3796 700 3857 53:
722 3791 801 3875 „sed
822 3811 895 3857 uum
916 3789 997 3858 haee
1018 3810 1077 3875 per
1098 3790 1200 3855 otium
1220 3789 1355 3856 firmiter
1398 3819 1402 3826 ·

208 3928 211 3933 ¹
259 3901 470 3987 percipienda
491 3908 524 3967 et
545 3900 702 3968 diseonda
723 3902 788 3967 sint
809 3900 956 3966 omnibus
979 3919 1000 3964 a
1021 3899 1138 3981 quibus
1161 3917 1201 3965 ea
1221 3898 1354 3963 baemri

186 4028 189 4033 ’
258 4011 313 4077 lex
340 4012 480 4094 iusserit,
512 4017 587 4076 sunt
617 4011 704 4076 enim
733 4029 772 4074 ea
794 4030 858 4075 non
879 4010 975 4075 aliter
1002 4015 1200 4092 eomparata3
1233 4013 1302 4073 tum
1323 4008 1356 4074 ei

260 4120 315 4202 qui
337 4120 450 4186 urbem
471 4120 582 4186 tondit
603 4125 774 4206 propterea
788 4117 928 4184 dioenda
947 4116 1105 4200 videntur,
1128 4117 1215 4199 quod
1236 4116 1355 4201 pendet

260 4227 378 4295 exinde
410 4230 509 4295 etiam
541 4248 705 4295 sacrorum
737 4228 923 4294 constitutio
954 4247 981 4293 e.
1003 4246 1033 4309 q.
1055 4224 1100 4293 s.“
1142 4226 1225 4292 Sunt
1246 4227 1354 4309 igitur,
