3312 4906
835 331 873 394 16

304 509 493 593 (ῙτίἱιυεἸθΧ
508 508 687 593 praecipiat
708 497 775 592 (οἷς
794 500 835 572 ἂν
856 501 875 573 ὁ
897 500 998 590 τόμος
1019 501 1235 596 προστάττῃ),
1257 514 1293 575 ut
1319 507 1401 575 haee

256 638 258 643 ·
303 617 525 700 (numerumne
552 618 652 699 illum,
685 596 798 700 (111θαῖ
810 618 951 702 exempli
981 618 1086 701 gratia
1113 615 1206 682 finxit
1229 616 1401 702 scriptori)

303 747 362 810 per
394 727 494 791 otium
519 724 653 791 firmiter
679 727 861 811 percipiant
890 732 921 792 et
953 725 1091 792 discant!
1134 726 1175 791 Et
1197 724 1402 792 confirmatur

302 836 420 899 mirum
441 833 502 900 hoc
530 830 737 919 praeceptum
765 835 890 901 verbis:
923 829 990 914 ἔχει
1011 828 1073 918 γαρ
1095 819 1153 898 οὖν
1174 823 1233 897 οὐκ
1252 822 1358 910 ἄλλως
1379 826 1402 917 ἢ

302 936 412 1028 ταύτῃ.
455 943 583 1009 Deinde
603 963 681 1009 vero
704 963 776 1010 cum
797 949 852 1009 tuo
875 964 952 1020 sane
975 945 1045 1010 iure
1067 962 1215 1026 quaeras,
1241 963 1298 1008 cur
1319 941 1399 1007 haec

304 1051 351 1116 ita
372 1050 552 1135 iubeantur,
583 1071 773 1136 responsum
794 1050 838 1134 fit,
872 1051 959 1134 quod
991 1051 1169 1136 spondeam
1192 1056 1225 1116 te
1258 1070 1324 1115 non
1346 1069 1401 1115 ex-

303 1164 482 1243 spectasse:
509 1161 587 1255 quia
607 1180 740 1227 necesse
762 1166 820 1244 cst,
853 1162 882 1251 si
903 1154 1016 1226 urbem
1037 1158 1214 1241 condimus,
1235 1158 1399 1223 mordicus

225 1308 228 1313 »
302 1273 478 1350 teneamus,
506 1267 666 1351 quidquid
688 1269 728 1334 de
750 1268 802 1334 dis
823 1269 1002 1351 antiquitus
1024 1268 1179 1334 nuditum
1200 1269 1263 1356 est!
1294 1257 1398 1333 Desu-

304 1375 389 1459 davi,
426 1383 462 1442 ut
496 1375 593 1443 huius
625 1378 689 1443 loci
725 1397 855 1444 sensum
891 1397 1089 1460 assequerer.
1146 1377 1220 1442 Non
1255 1376 1400 1461 contigit.

201 1543 204 1550 .
303 1484 438 1551 Gaudeo
469 1485 568 1569 igitur
589 1485 766 1568 Badhamo‚
794 1489 865 1552 viro
887 1488 1084 1570 acutissimo,
1117 1485 1205 1551 idem
1229 1485 1400 1569 accidisse,

303 1595 359 1677 qui
382 1595 416 1659 in
438 1594 579 1679 epistula
600 1595 713 1661 critica
734 1593 775 1685 de
796 1595 925 1680 legibus
947 1595 991 1661 ad
1008 1594 1248 1679 Thompsonum
1270 1595 1401 1679 scripta,

303 1721 400 1785 quarn
432 1704 622 1788 praeposuit
658 1703 793 1769 editioni
832 1724 910 1770 suae
934 1703 1085 1770 Convivii
1116 1724 1169 1788 pg.
1192 1701 1293 1767 XXII
1324 1707 1398 1787 post

304 1805 422 1897 σχολὴν
442 1831 542 1877 unum
563 1813 677 1878 saltem
698 1812 811 1878 folium
832 1814 970 1897 periisse
998 1814 1119 1878 statuit.
1159 1810 1401 1896 „Supplendum

302 1921 418 2003 inquit,
439 1921 758 1987 retractabimus.
801 1921 863 1986 Illa
884 1940 961 1987 vero
983 1921 1027 1987 ad
1048 1941 1216 1986 numerum
1240 1921 1306 1983 cciv
1327 1918 1401 2003 κλη-

303 2030 370 2111 ρῶι
391 2034 538 2112 spectant
560 2079 567 2093 .
595 2079 602 2093 .
625 2079 633 2094 .
654 2028 706 2093 δεῖ
726 2028 875 2112 βεβαίως,
900 2049 983 2112 quae
1005 2010 1046 2095 dc
1068 2029 1133 2095 diis
1153 2028 1220 2094 dici
1241 2028 1402 2112 videntur,

303 2157 438 2220 quorum
460 2157 620 2220 quemque
642 2157 733 2203 suam
755 2144 881 2223 partem
901 2139 1049 2222 accipere
1072 2134 1249 2222 oporteat.“

400 2247 522 2313 Dubito
554 2267 632 2313 vcro
664 2267 741 2312 num
771 2246 851 2313 haec
873 2246 1012 2323 sufficiat
1032 2247 1192 2314 Badhami
1214 2250 1400 2333 explicatio.

302 2355 386 2420 Nam
408 2357 577 2439 sequentia
599 2375 727 2439 quoque
748 2361 795 2422 tot
822 2357 986 2439 tantisque
1007 2356 1156 2423 laborant
1178 2356 1401 2440 incommodis,

301 2470 338 2530 ut
365 2463 432 2530 hoc‘
455 2466 527 2549 ipsc
557 2466 664 2549 eapite
695 2465 952 2531 luculentissima
976 2464 1057 2529 mihi
1088 2464 1202 2531 videar
1235 2466 1399 2549 compagis

302 2573 410 2639 aliena
435 2593 531 2639 manu
555 2574 659 2640 tactae
680 2575 822 2658 vestigia
843 2573 1104 2658 deprehendisse.
1146 2571 1254 2654 Atque
1281 2562 1325 2638 de
1343 2591 1398 2637 ex·

301 2683 462 2767 positione
485 2683 607 2767 7380‘0,
630 2688 776 2765 quaeest
799 2681 840 2747 de
862 2682 996 2748 deorum
1016 2682 1234 2763 veneratione,
1260 2679 1395 2765 posthac

301 2790 492 2857 videbimus.
536 2790 678 2876 Propero
711 2790 753 2856 ad
786 2794 872 2874 739⁸,
911 2791 997 2881 unde
1031 2793 1065 2858 in
1095 2793 1183 2857 viam
1216 2791 1400 2858 revertitur·

301 2900 445 2983 scriptor.
507 2899 557 2964 Ita
594 2900 680 2965 enim
714 2901 833 2984 pergit:
866 2894 947 2987 ἦδὴ
968 2896 1007 2965 τὸ
1021 2902 1045 2982 ¹)
1067 2894 1150 2983 μετὰ
1169 2907 1266 2965 τοῦτο
1296 2893 1396 2985 φορά,

300 3000 455 3090 καθάπερ
470 3006 602 3072 πεττῶν
621 2997 678 3094 ἐφ’
702 3002 805 3091 ἱεροῦ,
828 3010 886 3098 τῆς
905 3011 972 3074 τῶν
993 3003 1102 3092 νόμων
1123 3015 1324 3094 κατασκευῆς
1344 3001 1400 3094 ἀή-

290 3120 366 3201 ’θης
389 3102 475 3182 οὖσα
496 3110 564 3198 τάχ’
585 3109 625 3180 dv
647 3111 817 3200 θαυμάσαι
831 3114 889 3183 τὸν
904 3108 1065 3186 ἀκούοντα
1085 3113 1124 3184 τὸ
1145 3119 1281 3203 πρῶτον
1302 3111 1399 3203 nosip-
1502 3142 1505 3147 ·

301 3248 387 3291 σειεν
410 3243 417 3257 ·
441 3218 480 3289 ori
500 3221 564 3313 μὴν
585 3215 656 3290 a’tt’
679 3217 935 3314 ἀναλογιζομένῳ
957 3227 1011 3292 καὶ
1032 3220 1228 3313 πειρωμένῳ
1249 3229 1401 3314 φανεῖται

301 3332 460 3417 δευτέρως
492 3326 532 3399 dv
563 3334 661 3413 πόλις
693 3331 859 3402 οἰκεῖσθαι
891 3331 978 3418 πρὸς
1009 3331 1048 3401 τὸ
1076 3334 1253 3419 βέλτιστον.
1297 3336 1401 3421 Igitur

300 3444 473 3510 miraturos
496 3464 569 3512 esse
591 3443 671 3510 dicit
692 3445 856 3513 auditores
875 3445 910 3511 id
931 3445 1019 3529 quod
1040 3447 1135 3529 quasi
1155 3466 1276 3512 novum
1297 3451 1330 3513 et
1352 3446 1400 3510 in·

303 3558 507 3636 expectatum
521 3555 700 3621 moniturus
722 3555 765 3621 sit
780 3555 821 3621 de
836 3554 1006 3621 condenda
1020 3552 1098 3620 urbe
1122 3555 1216 3620 etita
1236 3555 1403 3620 insolitum

301 3662 390 3727 velut
408 3660 512 3729 iactus
532 3664 567 3728 in
587 3665 721 3730 tesseris
738 3655 795 3749 ἀφ’
813 3657 904 3746 iecori
909 3688 917 3746 ;
938 3663 997 3730 sed
1011 3665 1194 3731 accuratius
1214 3663 1401 3747 inspicienti

301 3775 333 3835 et
353 3773 609 3855 experimentum
625 3773 759 3840 iaeienti
771 3773 912 3841 secundo
927 3775 998 3839 loco
1015 3773 1083 3840 tore
1099 3778 1135 3838 ut
1151 3773 1228 3838 urbs
1249 3771 1399 3837 videatur

301 3877 397 3948 condi
426 3878 512 3964 πρὸς
532 3875 571 3945 τὸ
605 3880 773 3963 βέλτιστον
805 3881 1026 3967 (,‚comparata
1067 3882 1190 3966 optima
1222 3875 1398 3958 civitate“).

287 3987 383 4057 Tres
396 3989 482 4055 enim
496 3990 725 4074 proponendae
738 3991 769 4056 ei
780 3990 930 4058 videntur
941 3992 1108 4058 civitatum
1118 3988 1249 4071 tonnae,
1261 4005 1396 4070 quarum

403 4212 670 4286 nmmma
