<?xml version="1.0" encoding="UTF-8"?>
<!DOCTYPE html PUBLIC "-//W3C//DTD XHTML 1.0 Transitional//EN"
    "http://www.w3.org/TR/xhtml1/DTD/xhtml1-transitional.dtd">
<html xmlns="http://www.w3.org/1999/xhtml" xml:lang="en" lang="en">
 <head>
  <title>
</title>
<meta http-equiv="Content-Type" content="text/html;charset=utf-8" />
  <meta name='ocr-system' content='tesseract 3.04.00' />
  <meta name='ocr-capabilities' content='ocr_page ocr_carea ocr_par ocr_line ocrx_word'/>
</head>
<body>
  <div class='ocr_page' id='page_1' title='image "./delegumplatonic00brungoog_0031.png"; bbox 0 0 3312 4906; ppageno 0'>
   <div class='ocr_carea' id='block_1_1' title="bbox 348 318 1515 1490">
    <p class='ocr_par' dir='ltr' id='par_1_1' title="bbox 875 318 984 430">
     <span class='ocr_line' id='line_1_1' title="bbox 875 318 984 430; baseline 0.028 -24"><span class='ocrx_word' id='word_1_1' title='bbox 875 346 915 409; x_wconf 81' lang='lat' dir='ltr'>aa</span> <span class='ocrx_word' id='word_1_2' title='bbox 954 318 984 430; x_wconf 18' lang='grc' dir='ltr'>ἰ</span> 
     </span>
    </p>

    <p class='ocr_par' dir='ltr' id='par_1_2' title="bbox 348 526 1515 1490">
     <span class='ocr_line' id='line_1_2' title="bbox 418 526 1467 615; baseline 0 -23"><span class='ocrx_word' id='word_1_3' title='bbox 418 538 421 545; x_wconf 89' lang='grc'><strong><em>’</em></strong></span> <span class='ocrx_word' id='word_1_4' title='bbox 453 528 665 613; x_wconf 84' lang='lat' dir='ltr'>Negleximus</span> <span class='ocrx_word' id='word_1_5' title='bbox 687 528 794 596; x_wconf 83' lang='lat' dir='ltr'>adhue</span> <span class='ocrx_word' id='word_1_6' title='bbox 816 532 921 615; x_wconf 88' lang='lat' dir='ltr'>prima</span> <span class='ocrx_word' id='word_1_7' title='bbox 936 529 1054 613; x_wconf 86' lang='lat' dir='ltr'>eapitis</span> <span class='ocrx_word' id='word_1_8' title='bbox 1066 528 1175 595; x_wconf 84' lang='lat' dir='ltr'>verba</span> <span class='ocrx_word' id='word_1_9' title='bbox 1208 526 1467 593; x_wconf 86' lang='lat' dir='ltr'>Tantummodo</span> 
     </span>
     <span class='ocr_line' id='line_1_3' title="bbox 351 636 1467 724; baseline 0 -22"><span class='ocrx_word' id='word_1_10' title='bbox 351 657 450 720; x_wconf 90' lang='lat' dir='ltr'>quam</span> <span class='ocrx_word' id='word_1_11' title='bbox 470 640 556 704; x_wconf 91' lang='lat' dir='ltr'>male</span> <span class='ocrx_word' id='word_1_12' title='bbox 578 659 662 704; x_wconf 87' lang='lat' dir='ltr'>nexa</span> <span class='ocrx_word' id='word_1_13' title='bbox 684 640 749 704; x_wconf 90' lang='lat' dir='ltr'>sint</span> <span class='ocrx_word' id='word_1_14' title='bbox 764 660 837 705; x_wconf 86' lang='lat' dir='ltr'>oum</span> <span class='ocrx_word' id='word_1_15' title='bbox 854 640 1017 724; x_wconf 81' lang='lat' dir='ltr'>prioribus</span> <span class='ocrx_word' id='word_1_16' title='bbox 1033 639 1137 704; x_wconf 88' lang='lat' dir='ltr'>obiter</span> <span class='ocrx_word' id='word_1_17' title='bbox 1153 637 1357 702; x_wconf 91' lang='lat' dir='ltr'>monuimus.</span> <span class='ocrx_word' id='word_1_18' title='bbox 1397 636 1467 703; x_wconf 83' lang='lat' dir='ltr'>Sed</span> 
     </span>
     <span class='ocr_line' id='line_1_4' title="bbox 350 746 1467 832; baseline 0.002 -21"><span class='ocrx_word' id='word_1_19' title='bbox 350 746 385 812; x_wconf 89' lang='lat' dir='ltr'>id</span> <span class='ocrx_word' id='word_1_20' title='bbox 403 767 532 830; x_wconf 92' lang='lat' dir='ltr'>quoque</span> <span class='ocrx_word' id='word_1_21' title='bbox 553 747 712 832; x_wconf 80' lang='lat' dir='ltr'>attendas,</span> <span class='ocrx_word' id='word_1_22' title='bbox 733 769 830 831; x_wconf 89' lang='lat' dir='ltr'>quam</span> <span class='ocrx_word' id='word_1_23' title='bbox 851 749 932 815; x_wconf 90' lang='lat' dir='ltr'>mire</span> <span class='ocrx_word' id='word_1_24' title='bbox 949 749 982 812; x_wconf 95' lang='lat' dir='ltr'>in</span> <span class='ocrx_word' id='word_1_25' title='bbox 1001 750 1110 831; x_wconf 84' lang='lat' dir='ltr'>legum</span> <span class='ocrx_word' id='word_1_26' title='bbox 1131 747 1345 813; x_wconf 81' lang='lat' dir='ltr'>iudicialium</span> <span class='ocrx_word' id='word_1_27' title='bbox 1366 748 1467 813; x_wconf 91' lang='lat' dir='ltr'>initio</span> 
     </span>
     <span class='ocr_line' id='line_1_5' title="bbox 352 855 1467 949; baseline -0.002 -29"><span class='ocrx_word' id='word_1_28' title='bbox 352 855 531 940; x_wconf 86' lang='lat' dir='ltr'>disputatio</span> <span class='ocrx_word' id='word_1_29' title='bbox 558 857 725 923; x_wconf 78' lang='lat' dir='ltr'>incohetur</span> <span class='ocrx_word' id='word_1_30' title='bbox 746 858 788 925; x_wconf 87' lang='lat' dir='ltr'>de</span> <span class='ocrx_word' id='word_1_31' title='bbox 820 857 964 949; x_wconf 79' lang='lat' dir='ltr'>iudicum</span> <span class='ocrx_word' id='word_1_32' title='bbox 996 856 1127 924; x_wconf 81' lang='lat' dir='ltr'>dicendi</span> <span class='ocrx_word' id='word_1_33' title='bbox 1159 856 1320 923; x_wconf 73' lang='lat' dir='ltr'><strong>facultate</strong></span> <span class='ocrx_word' id='word_1_34' title='bbox 1346 856 1467 935; x_wconf 66' lang='lat'><strong>(76601</strong></span> 
     </span>
     <span class='ocr_line' id='line_1_6' title="bbox 348 951 1468 1054; baseline 0.001 -27"><span class='ocrx_word' id='word_1_35' title='bbox 348 953 483 1051; x_wconf 80' lang='grc' dir='ltr'><strong><em>ίίφωνος</em></strong></span> <span class='ocrx_word' id='word_1_36' title='bbox 503 963 531 1029; x_wconf 84' lang='grc' dir='ltr'>δ’</span> <span class='ocrx_word' id='word_1_37' title='bbox 556 951 597 1029; x_wconf 72' lang='lat' dir='ltr'>uri</span> <span class='ocrx_word' id='word_1_38' title='bbox 621 961 773 1054; x_wconf 74' lang='grc' dir='ltr'><strong><em>δικαστὴς</em></strong></span> <span class='ocrx_word' id='word_1_39' title='bbox 805 960 883 1051; x_wconf 76' lang='grc' dir='ltr'><strong><em>ἡμῖν</em></strong></span> <span class='ocrx_word' id='word_1_40' title='bbox 915 965 969 1031; x_wconf 90' lang='grc' dir='ltr'>καί</span> <span class='ocrx_word' id='word_1_41' title='bbox 990 962 1034 1051; x_wconf 72' lang='grc' dir='ltr'>μὴ</span> <span class='ocrx_word' id='word_1_42' title='bbox 1057 964 1161 1029; x_wconf 80' lang='grc' dir='ltr'><em>πλείω</em></span> <span class='ocrx_word' id='word_1_43' title='bbox 1184 967 1250 1029; x_wconf 82' lang='grc' dir='ltr'>τῶν</span> <span class='ocrx_word' id='word_1_44' title='bbox 1275 956 1468 1031; x_wconf 73' lang='grc' dir='ltr'><strong><em>ἀντιδίκων</em></strong></span> 
     </span>
     <span class='ocr_line' id='line_1_7' title="bbox 349 1066 1515 1162; baseline 0.002 -24"><span class='ocrx_word' id='word_1_45' title='bbox 349 1067 479 1151; x_wconf 75' lang='grc' dir='ltr'><strong><em>ἐντοῖς</em></strong></span> <span class='ocrx_word' id='word_1_46' title='bbox 502 1066 689 1157; x_wconf 73' lang='grc' dir='ltr'><strong><em>ἀνακρίσεσι</em></strong></span> <span class='ocrx_word' id='word_1_47' title='bbox 710 1070 947 1162; x_wconf 70' lang='grc' dir='ltr'><strong><em>φθεγγόμενος,</em></strong></span> <span class='ocrx_word' id='word_1_48' title='bbox 972 1069 1128 1158; x_wconf 67' lang='grc' dir='ltr'><strong><em>καθάπερ</em></strong></span> <span class='ocrx_word' id='word_1_49' title='bbox 1149 1073 1182 1140; x_wconf 78' lang='grc' dir='ltr'>ἐν</span> <span class='ocrx_word' id='word_1_50' title='bbox 1204 1079 1277 1152; x_wconf 87' lang='grc' dir='ltr'><strong><em>ταῖς</em></strong></span> <span class='ocrx_word' id='word_1_51' title='bbox 1300 1073 1465 1154; x_wconf 79' lang='grc' dir='ltr'><strong><em>διαίταις,</em></strong></span> <span class='ocrx_word' id='word_1_52' title='bbox 1511 1106 1515 1111; x_wconf 86' lang='grc'><em>·</em></span> 
     </span>
     <span class='ocr_line' id='line_1_8' title="bbox 351 1172 1468 1272; baseline 0 -25"><span class='ocrx_word' id='word_1_53' title='bbox 351 1174 409 1247; x_wconf 79' lang='grc' dir='ltr'>οάκ</span> <span class='ocrx_word' id='word_1_54' title='bbox 432 1172 472 1246; x_wconf 78' lang='grc' dir='ltr'>άν</span> <span class='ocrx_word' id='word_1_55' title='bbox 493 1206 577 1249; x_wconf 83' lang='grc' dir='ltr'><strong><em>ποτε</em></strong></span> <span class='ocrx_word' id='word_1_56' title='bbox 608 1179 718 1262; x_wconf 72' lang='grc' dir='ltr'><strong><em>ἱκανάς</em></strong></span> <span class='ocrx_word' id='word_1_57' title='bbox 741 1184 866 1269; x_wconf 77' lang='grc' dir='ltr'><strong><em>γένοιτο</em></strong></span> <span class='ocrx_word' id='word_1_58' title='bbox 887 1185 967 1268; x_wconf 78' lang='grc' dir='ltr'><strong><em>περὶ</em></strong></span> <span class='ocrx_word' id='word_1_59' title='bbox 988 1180 1046 1272; x_wconf 72' lang='grc' dir='ltr'>τὴν</span> <span class='ocrx_word' id='word_1_60' title='bbox 1076 1184 1143 1248; x_wconf 85' lang='grc' dir='ltr'>τῶν</span> <span class='ocrx_word' id='word_1_61' title='bbox 1163 1183 1299 1249; x_wconf 87' lang='grc' dir='ltr'><strong><em>δικαίων</em></strong></span> <span class='ocrx_word' id='word_1_62' title='bbox 1324 1182 1468 1269; x_wconf 79' lang='grc' dir='ltr'><strong><em>κρίσιν),</em></strong></span> 
     </span>
     <span class='ocr_line' id='line_1_9' title="bbox 348 1294 1466 1380; baseline 0.004 -23"><span class='ocrx_word' id='word_1_63' title='bbox 348 1294 538 1377; x_wconf 81' lang='lat' dir='ltr'>priusquam</span> <span class='ocrx_word' id='word_1_64' title='bbox 561 1296 700 1361; x_wconf 78' lang='lat' dir='ltr'>sciamus</span> <span class='ocrx_word' id='word_1_65' title='bbox 715 1316 800 1379; x_wconf 91' lang='lat' dir='ltr'>quae</span> <span class='ocrx_word' id='word_1_66' title='bbox 816 1298 881 1362; x_wconf 85' lang='lat' dir='ltr'>sint</span> <span class='ocrx_word' id='word_1_67' title='bbox 902 1296 1033 1361; x_wconf 78' lang='lat' dir='ltr'>iudicia.</span> <span class='ocrx_word' id='word_1_68' title='bbox 1067 1294 1218 1362; x_wconf 88' lang='lat' dir='ltr'>Inoohari</span> <span class='ocrx_word' id='word_1_69' title='bbox 1232 1294 1320 1360; x_wconf 91' lang='lat' dir='ltr'>hane</span> <span class='ocrx_word' id='word_1_70' title='bbox 1345 1295 1466 1380; x_wconf 89' lang='lat' dir='ltr'>dispu-</span> 
     </span>
     <span class='ocr_line' id='line_1_10' title="bbox 348 1404 1464 1490; baseline 0.003 -22"><span class='ocrx_word' id='word_1_71' title='bbox 348 1404 504 1469; x_wconf 77' lang='lat' dir='ltr'><strong>tationem</strong></span> <span class='ocrx_word' id='word_1_72' title='bbox 525 1404 605 1470; x_wconf 85' lang='lat' dir='ltr'><strong>dixi.</strong></span> <span class='ocrx_word' id='word_1_73' title='bbox 648 1404 732 1470; x_wconf 91' lang='lat' dir='ltr'>Nam</span> <span class='ocrx_word' id='word_1_74' title='bbox 758 1426 864 1490; x_wconf 89' lang='lat' dir='ltr'>neque</span> <span class='ocrx_word' id='word_1_75' title='bbox 885 1406 1049 1488; x_wconf 79' lang='lat' dir='ltr'>hocloco,</span> <span class='ocrx_word' id='word_1_76' title='bbox 1076 1425 1182 1487; x_wconf 89' lang='lat' dir='ltr'>neque</span> <span class='ocrx_word' id='word_1_77' title='bbox 1204 1406 1279 1470; x_wconf 93' lang='lat' dir='ltr'>aliis</span> <span class='ocrx_word' id='word_1_78' title='bbox 1311 1404 1464 1488; x_wconf 88' lang='lat' dir='ltr'>duobus,</span> 
     </span>
    </p>
   </div>
   <div class='ocr_carea' id='block_1_2' title="bbox 347 1512 1466 1701">
    <p class='ocr_par' dir='ltr' id='par_1_3' title="bbox 347 1512 1466 1701">
     <span class='ocr_line' id='line_1_11' title="bbox 348 1512 1464 1603; baseline 0.003 -26"><span class='ocrx_word' id='word_1_79' title='bbox 348 1512 466 1597; x_wconf 92' lang='lat' dir='ltr'>quibus</span> <span class='ocrx_word' id='word_1_80' title='bbox 502 1514 623 1581; x_wconf 81' lang='lat' dir='ltr'>similia</span> <span class='ocrx_word' id='word_1_81' title='bbox 657 1521 842 1599; x_wconf 84' lang='lat' dir='ltr'>tanguntur,</span> <span class='ocrx_word' id='word_1_82' title='bbox 885 1515 1083 1603; x_wconf 84' lang='lat' dir='ltr'>profligatur.</span> <span class='ocrx_word' id='word_1_83' title='bbox 1134 1515 1324 1581; x_wconf 83' lang='lat' dir='ltr'>Novissima</span> <span class='ocrx_word' id='word_1_84' title='bbox 1369 1515 1464 1581; x_wconf 92' lang='lat' dir='ltr'>enim</span> 
     </span>
     <span class='ocr_line' id='line_1_12' title="bbox 347 1609 1466 1701; baseline -0.001 -13"><span class='ocrx_word' id='word_1_85' title='bbox 347 1623 443 1688; x_wconf 85' lang='lat' dir='ltr'>huius</span> <span class='ocrx_word' id='word_1_86' title='bbox 489 1625 624 1690; x_wconf 82' lang='lat' dir='ltr'>membri</span> <span class='ocrx_word' id='word_1_87' title='bbox 659 1626 760 1691; x_wconf 88' lang='lat' dir='ltr'>verba</span> <span class='ocrx_word' id='word_1_88' title='bbox 806 1609 851 1688; x_wconf 78' lang='grc' dir='ltr'>ὦν</span> <span class='ocrx_word' id='word_1_89' title='bbox 897 1623 991 1690; x_wconf 74' lang='grc' dir='ltr'><strong><em>ἕνεκα</em></strong></span> <span class='ocrx_word' id='word_1_90' title='bbox 1038 1614 1114 1690; x_wconf 79' lang='grc' dir='ltr'><strong><em>οίίτε</em></strong></span> <span class='ocrx_word' id='word_1_91' title='bbox 1165 1617 1310 1700; x_wconf 75' lang='grc' dir='ltr'><strong><em>πολλοὺς</em></strong></span> <span class='ocrx_word' id='word_1_92' title='bbox 1359 1613 1466 1701; x_wconf 65' lang='grc' dir='ltr'><strong><em>ὄντας</em></strong></span> 
     </span>
    </p>
   </div>
   <div class='ocr_carea' id='block_1_3' title="bbox 243 1719 1464 1821">
    <p class='ocr_par' dir='ltr' id='par_1_4' title="bbox 243 1719 1464 1821">
     <span class='ocr_line' id='line_1_13' title="bbox 243 1719 1464 1821; baseline 0.002 -23"><span class='ocrx_word' id='word_1_93' title='bbox 243 1814 246 1820; x_wconf 24' lang='grc' dir='ltr'>Ι</span> <span class='ocrx_word' id='word_1_94' title='bbox 347 1724 460 1818; x_wconf 81' lang='grc' dir='ltr'><strong><em>ῥᾴδιον</em></strong></span> <span class='ocrx_word' id='word_1_95' title='bbox 492 1719 528 1798; x_wconf 76' lang='grc' dir='ltr'>εὖ</span> <span class='ocrx_word' id='word_1_96' title='bbox 561 1728 701 1816; x_wconf 83' lang='grc' dir='ltr'>δικάζειν</span> <span class='ocrx_word' id='word_1_97' title='bbox 731 1724 806 1799; x_wconf 79' lang='grc' dir='ltr'><strong><em>οἷίτε</em></strong></span> <span class='ocrx_word' id='word_1_98' title='bbox 840 1726 969 1818; x_wconf 76' lang='grc' dir='ltr'><strong><em>ὀλίγοις</em></strong></span> <span class='ocrx_word' id='word_1_99' title='bbox 994 1730 1141 1821; x_wconf 80' lang='grc' dir='ltr'><strong><em>φαύλους</em></strong></span> <span class='ocrx_word' id='word_1_100' title='bbox 1172 1756 1238 1802; x_wconf 91' lang='lat' dir='ltr'>non</span> <span class='ocrx_word' id='word_1_101' title='bbox 1270 1735 1464 1820; x_wconf 85' lang='lat' dir='ltr'>expediunt</span> 
     </span>
    </p>
   </div>
   <div class='ocr_carea' id='block_1_4' title="bbox 320 1841 1550 3022">
    <p class='ocr_par' dir='ltr' id='par_1_5' title="bbox 320 1841 1550 3022">
     <span class='ocr_line' id='line_1_14' title="bbox 349 1841 1464 1931; baseline 0.004 -24"><span class='ocrx_word' id='word_1_102' title='bbox 349 1841 580 1928; x_wconf 79' lang='lat' dir='ltr'>difficultatem,</span> <span class='ocrx_word' id='word_1_103' title='bbox 613 1845 671 1911; x_wconf 86' lang='lat' dir='ltr'>sed</span> <span class='ocrx_word' id='word_1_104' title='bbox 703 1867 820 1912; x_wconf 89' lang='lat' dir='ltr'>novam</span> <span class='ocrx_word' id='word_1_105' title='bbox 853 1847 984 1912; x_wconf 84' lang='lat' dir='ltr'>addunt.</span> <span class='ocrx_word' id='word_1_106' title='bbox 1045 1848 1102 1931; x_wconf 82' lang='lat' dir='ltr'>Pg.</span> <span class='ocrx_word' id='word_1_107' title='bbox 1135 1852 1245 1913; x_wconf 90' lang='lat' dir='ltr'>autem</span> <span class='ocrx_word' id='word_1_108' title='bbox 1277 1845 1360 1910; x_wconf 72' lang='lat'><strong>876¹&gt;</strong></span> <span class='ocrx_word' id='word_1_109' title='bbox 1396 1845 1464 1912; x_wconf 89' lang='lat' dir='ltr'>hoe</span> 
     </span>
     <span class='ocr_line' id='line_1_15' title="bbox 348 1953 1462 2040; baseline 0.004 -24"><span class='ocrx_word' id='word_1_110' title='bbox 348 1957 473 2018; x_wconf 91' lang='lat' dir='ltr'>tantum</span> <span class='ocrx_word' id='word_1_111' title='bbox 511 1953 640 2034; x_wconf 82' lang='lat' dir='ltr'>dieitur,</span> <span class='ocrx_word' id='word_1_112' title='bbox 678 1977 718 2022; x_wconf 91' lang='lat' dir='ltr'>ea</span> <span class='ocrx_word' id='word_1_113' title='bbox 753 1957 877 2022; x_wconf 77' lang='lat' dir='ltr'>iuditia</span> <span class='ocrx_word' id='word_1_114' title='bbox 917 1958 1004 2023; x_wconf 86' lang='lat' dir='ltr'>mala</span> <span class='ocrx_word' id='word_1_115' title='bbox 1046 1977 1118 2024; x_wconf 89' lang='lat' dir='ltr'>esse</span> <span class='ocrx_word' id='word_1_116' title='bbox 1158 1976 1242 2040; x_wconf 90' lang='lat' dir='ltr'>quae</span> <span class='ocrx_word' id='word_1_117' title='bbox 1282 1958 1389 2023; x_wconf 88' lang='lat' dir='ltr'>taoite</span> <span class='ocrx_word' id='word_1_118' title='bbox 1428 1961 1462 2022; x_wconf 93' lang='lat' dir='ltr'>et</span> 
     </span>
     <span class='ocr_line' id='line_1_16' title="bbox 349 2063 1463 2150; baseline 0.004 -24"><span class='ocrx_word' id='word_1_119' title='bbox 349 2064 474 2128; x_wconf 76' lang='lat' dir='ltr'>occulte</span> <span class='ocrx_word' id='word_1_120' title='bbox 504 2063 660 2148; x_wconf 80' lang='lat' dir='ltr'>suffragia</span> <span class='ocrx_word' id='word_1_121' title='bbox 684 2066 799 2148; x_wconf 86' lang='lat' dir='ltr'>lerant,</span> <span class='ocrx_word' id='word_1_122' title='bbox 831 2068 945 2150; x_wconf 85' lang='lat' dir='ltr'>peiora</span> <span class='ocrx_word' id='word_1_123' title='bbox 965 2073 1073 2132; x_wconf 88' lang='lat' dir='ltr'>tamen</span> <span class='ocrx_word' id='word_1_124' title='bbox 1105 2086 1190 2148; x_wconf 88' lang='lat' dir='ltr'>quae</span> <span class='ocrx_word' id='word_1_125' title='bbox 1210 2068 1300 2131; x_wconf 88' lang='lat' dir='ltr'>velut</span> <span class='ocrx_word' id='word_1_126' title='bbox 1322 2064 1463 2130; x_wconf 90' lang='lat' dir='ltr'>theatra</span> 
     </span>
     <span class='ocr_line' id='line_1_17' title="bbox 350 2171 1461 2263; baseline 0.004 -28"><span class='ocrx_word' id='word_1_127' title='bbox 350 2171 490 2263; x_wconf 86' lang='lat' dir='ltr'>elamore</span> <span class='ocrx_word' id='word_1_128' title='bbox 529 2175 637 2239; x_wconf 88' lang='lat' dir='ltr'>omnia</span> <span class='ocrx_word' id='word_1_129' title='bbox 673 2176 827 2260; x_wconf 87' lang='lat' dir='ltr'>repleant.</span> <span class='ocrx_word' id='word_1_130' title='bbox 886 2176 1000 2258; x_wconf 81' lang='lat' dir='ltr'>Neque</span> <span class='ocrx_word' id='word_1_131' title='bbox 1032 2196 1109 2242; x_wconf 85' lang='lat' dir='ltr'>vero</span> <span class='ocrx_word' id='word_1_132' title='bbox 1146 2175 1210 2241; x_wconf 91' lang='lat' dir='ltr'>huo</span> <span class='ocrx_word' id='word_1_133' title='bbox 1246 2174 1461 2241; x_wconf 74' lang='lat' dir='ltr'>referendum</span> 
     </span>
     <span class='ocr_line' id='line_1_18' title="bbox 320 2271 1461 2370; baseline 0.002 -25"><span class='ocrx_word' id='word_1_134' title='bbox 320 2328 324 2335; x_wconf 79' lang='lat'><em>-</em></span> <span class='ocrx_word' id='word_1_135' title='bbox 351 2287 409 2363; x_wconf 88' lang='lat' dir='ltr'>est,</span> <span class='ocrx_word' id='word_1_136' title='bbox 442 2282 529 2363; x_wconf 84' lang='lat' dir='ltr'>quod</span> <span class='ocrx_word' id='word_1_137' title='bbox 562 2283 640 2349; x_wconf 80' lang='lat' dir='ltr'>949b</span> <span class='ocrx_word' id='word_1_138' title='bbox 677 2286 725 2350; x_wconf 93' lang='lat' dir='ltr'>rei</span> <span class='ocrx_word' id='word_1_139' title='bbox 767 2271 918 2353; x_wconf 85' lang='lat' dir='ltr'>iubentur</span> <span class='ocrx_word' id='word_1_140' title='bbox 952 2281 991 2349; x_wconf 81' lang='grc' dir='ltr'>τὸ</span> <span class='ocrx_word' id='word_1_141' title='bbox 1027 2283 1152 2350; x_wconf 81' lang='grc' dir='ltr'><strong><em>δίκαιον</em></strong></span> <span class='ocrx_word' id='word_1_142' title='bbox 1184 2283 1254 2367; x_wconf 82' lang='grc' dir='ltr'><strong><em>μετ’</em></strong></span> <span class='ocrx_word' id='word_1_143' title='bbox 1288 2275 1461 2370; x_wconf 75' lang='grc' dir='ltr'>εὐφημίας</span> 
     </span>
     <span class='ocr_line' id='line_1_19' title="bbox 351 2383 1459 2475; baseline 0.005 -23"><span class='ocrx_word' id='word_1_144' title='bbox 351 2383 562 2468; x_wconf 81' lang='grc' dir='ltr'><strong><em>διδάσκοντες</em></strong></span> <span class='ocrx_word' id='word_1_145' title='bbox 598 2391 652 2456; x_wconf 83' lang='grc' dir='ltr'>καί</span> <span class='ocrx_word' id='word_1_146' title='bbox 682 2386 907 2475; x_wconf 65' lang='grc' dir='ltr'><strong><em>μανθάνοντες</em></strong></span> <span class='ocrx_word' id='word_1_147' title='bbox 937 2385 988 2458; x_wconf 71' lang='grc' dir='ltr'>ἀεὶ</span> <span class='ocrx_word' id='word_1_148' title='bbox 1018 2394 1186 2459; x_wconf 86' lang='grc' dir='ltr'><strong><em>διατελεῖν.</em></strong></span> <span class='ocrx_word' id='word_1_149' title='bbox 1242 2393 1315 2472; x_wconf 79' lang='lat' dir='ltr'>Qua</span> <span class='ocrx_word' id='word_1_150' title='bbox 1347 2415 1385 2460; x_wconf 89' lang='lat' dir='ltr'>re</span> <span class='ocrx_word' id='word_1_151' title='bbox 1422 2394 1459 2457; x_wconf 91' lang='lat' dir='ltr'>in</span> 
     </span>
     <span class='ocr_line' id='line_1_20' title="bbox 350 2486 1459 2587; baseline 0.004 -25"><span class='ocrx_word' id='word_1_152' title='bbox 350 2499 434 2564; x_wconf 92' lang='lat' dir='ltr'>libro</span> <span class='ocrx_word' id='word_1_153' title='bbox 450 2499 516 2563; x_wconf 91' lang='lat' dir='ltr'>XII</span> <span class='ocrx_word' id='word_1_154' title='bbox 532 2498 609 2564; x_wconf 76' lang='lat'><strong>957¹&gt;</strong></span> <span class='ocrx_word' id='word_1_155' title='bbox 631 2502 719 2584; x_wconf 85' lang='lat' dir='ltr'>quod</span> <span class='ocrx_word' id='word_1_156' title='bbox 733 2504 904 2586; x_wconf 89' lang='lat' dir='ltr'>pollioetur</span> <span class='ocrx_word' id='word_1_157' title='bbox 918 2486 1130 2587; x_wconf 83' lang='lat' dir='ltr'>philosophus</span> <span class='ocrx_word' id='word_1_158' title='bbox 1152 2502 1193 2567; x_wconf 87' lang='lat' dir='ltr'>de</span> <span class='ocrx_word' id='word_1_159' title='bbox 1216 2501 1346 2567; x_wconf 91' lang='lat' dir='ltr'>silentio</span> <span class='ocrx_word' id='word_1_160' title='bbox 1363 2502 1459 2568; x_wconf 90' lang='lat' dir='ltr'>eius-</span> 
     </span>
     <span class='ocr_line' id='line_1_21' title="bbox 352 2610 1550 2695; baseline 0.003 -22"><span class='ocrx_word' id='word_1_161' title='bbox 352 2627 415 2691; x_wconf 90' lang='lat' dir='ltr'>que</span> <span class='ocrx_word' id='word_1_162' title='bbox 438 2610 598 2674; x_wconf 86' lang='lat' dir='ltr'>oontrario</span> <span class='ocrx_word' id='word_1_163' title='bbox 632 2611 666 2674; x_wconf 94' lang='lat' dir='ltr'>in</span> <span class='ocrx_word' id='word_1_164' title='bbox 694 2610 757 2675; x_wconf 89' lang='lat' dir='ltr'>fine</span> <span class='ocrx_word' id='word_1_165' title='bbox 779 2612 877 2676; x_wconf 89' lang='lat' dir='ltr'>totius</span> <span class='ocrx_word' id='word_1_166' title='bbox 911 2613 1018 2695; x_wconf 88' lang='lat' dir='ltr'>operis</span> <span class='ocrx_word' id='word_1_167' title='bbox 1040 2612 1141 2677; x_wconf 89' lang='lat' dir='ltr'>verba</span> <span class='ocrx_word' id='word_1_168' title='bbox 1171 2612 1292 2676; x_wconf 81' lang='lat' dir='ltr'>laetum</span> <span class='ocrx_word' id='word_1_169' title='bbox 1326 2610 1379 2694; x_wconf 87' lang='lat' dir='ltr'>iri,</span> <span class='ocrx_word' id='word_1_170' title='bbox 1415 2610 1459 2676; x_wconf 89' lang='lat' dir='ltr'>de</span> <span class='ocrx_word' id='word_1_171' title='bbox 1547 2646 1550 2651; x_wconf 76' lang='lat'><em>,</em></span> 
     </span>
     <span class='ocr_line' id='line_1_22' title="bbox 352 2719 1458 2803; baseline 0.003 -21"><span class='ocrx_word' id='word_1_172' title='bbox 352 2719 451 2784; x_wconf 91' lang='lat' dir='ltr'>totius</span> <span class='ocrx_word' id='word_1_173' title='bbox 473 2719 537 2784; x_wconf 88' lang='lat' dir='ltr'>looi</span> <span class='ocrx_word' id='word_1_174' title='bbox 552 2724 668 2784; x_wconf 88' lang='lat' dir='ltr'>natura</span> <span class='ocrx_word' id='word_1_175' title='bbox 682 2726 796 2803; x_wconf 87' lang='lat' dir='ltr'>postea</span> <span class='ocrx_word' id='word_1_176' title='bbox 810 2719 983 2785; x_wconf 79' lang='lat' dir='ltr'>dicendum</span> <span class='ocrx_word' id='word_1_177' title='bbox 1004 2722 1078 2801; x_wconf 80' lang='lat' dir='ltr'>erit3</span> <span class='ocrx_word' id='word_1_178' title='bbox 1102 2719 1143 2786; x_wconf 90' lang='lat' dir='ltr'>de</span> <span class='ocrx_word' id='word_1_179' title='bbox 1164 2739 1199 2785; x_wconf 90' lang='lat' dir='ltr'>re</span> <span class='ocrx_word' id='word_1_180' title='bbox 1222 2719 1295 2803; x_wconf 86' lang='lat' dir='ltr'>ipsa</span> <span class='ocrx_word' id='word_1_181' title='bbox 1316 2724 1458 2785; x_wconf 90' lang='lat' dir='ltr'>eatenus</span> 
     </span>
     <span class='ocr_line' id='line_1_23' title="bbox 352 2826 1457 2913; baseline 0.001 -22"><span class='ocrx_word' id='word_1_182' title='bbox 352 2832 438 2892; x_wconf 91' lang='lat' dir='ltr'>oerte</span> <span class='ocrx_word' id='word_1_183' title='bbox 469 2826 711 2893; x_wconf 86' lang='lat' dir='ltr'>assentiendum</span> <span class='ocrx_word' id='word_1_184' title='bbox 732 2828 916 2894; x_wconf 83' lang='lat' dir='ltr'>Hermanno</span> <span class='ocrx_word' id='word_1_185' title='bbox 939 2831 984 2913; x_wconf 80' lang='lat' dir='ltr'>tp.</span> <span class='ocrx_word' id='word_1_186' title='bbox 1007 2832 1077 2893; x_wconf 81' lang='lat'><strong>708.</strong></span> <span class='ocrx_word' id='word_1_187' title='bbox 1110 2829 1162 2894; x_wconf 83' lang='lat' dir='ltr'>ad.</span> <span class='ocrx_word' id='word_1_188' title='bbox 1185 2829 1270 2912; x_wconf 81' lang='lat'>733),</span> <span class='ocrx_word' id='word_1_189' title='bbox 1292 2832 1457 2911; x_wconf 89' lang='lat' dir='ltr'>quatenus</span> 
     </span>
     <span class='ocr_line' id='line_1_24' title="bbox 352 2936 1353 3022; baseline 0.002 -23"><span class='ocrx_word' id='word_1_190' title='bbox 352 2937 497 3020; x_wconf 84' lang='lat' dir='ltr'>promitti</span> <span class='ocrx_word' id='word_1_191' title='bbox 517 2936 579 3002; x_wconf 88' lang='lat' dir='ltr'>hoo</span> <span class='ocrx_word' id='word_1_192' title='bbox 601 2938 672 3003; x_wconf 86' lang='lat' dir='ltr'>loeo</span> <span class='ocrx_word' id='word_1_193' title='bbox 694 2937 784 3021; x_wconf 78' lang='lat' dir='ltr'>dicit,</span> <span class='ocrx_word' id='word_1_194' title='bbox 807 2958 891 3021; x_wconf 90' lang='lat' dir='ltr'>quae</span> <span class='ocrx_word' id='word_1_195' title='bbox 912 2960 977 3005; x_wconf 90' lang='lat' dir='ltr'>non</span> <span class='ocrx_word' id='word_1_196' title='bbox 999 2940 1208 3005; x_wconf 84' lang='lat' dir='ltr'>absolvantur</span> <span class='ocrx_word' id='word_1_197' title='bbox 1230 2943 1353 3022; x_wconf 83' lang='lat' dir='ltr'>postea.</span> 
     </span>
    </p>
   </div>
   <div class='ocr_carea' id='block_1_5' title="bbox 354 3070 1458 4134">
    <p class='ocr_par' dir='ltr' id='par_1_6' title="bbox 354 3070 1458 4134">
     <span class='ocr_line' id='line_1_25' title="bbox 365 3070 1458 3155; baseline -0.004 -15"><span class='ocrx_word' id='word_1_198' title='bbox 365 3130 369 3140; x_wconf 93' lang='lat'><em>.</em></span> <span class='ocrx_word' id='word_1_199' title='bbox 451 3070 602 3153; x_wconf 88' lang='lat' dir='ltr'>Denique</span> <span class='ocrx_word' id='word_1_200' title='bbox 635 3072 799 3138; x_wconf 80' lang='lat' dir='ltr'>insolitam</span> <span class='ocrx_word' id='word_1_201' title='bbox 831 3076 1024 3140; x_wconf 89' lang='lat' dir='ltr'>sententiam</span> <span class='ocrx_word' id='word_1_202' title='bbox 1055 3074 1235 3139; x_wconf 87' lang='lat' dir='ltr'>notaverim</span> <span class='ocrx_word' id='word_1_203' title='bbox 1267 3092 1333 3155; x_wconf 90' lang='lat' dir='ltr'>qua</span> <span class='ocrx_word' id='word_1_204' title='bbox 1363 3073 1458 3155; x_wconf 88' lang='lat' dir='ltr'>prior</span> 
     </span>
     <span class='ocr_line' id='line_1_26' title="bbox 355 3178 1457 3249; baseline 0.001 -6"><span class='ocrx_word' id='word_1_205' title='bbox 355 3180 413 3244; x_wconf 92' lang='lat' dir='ltr'>illa</span> <span class='ocrx_word' id='word_1_206' title='bbox 446 3179 639 3245; x_wconf 79' lang='lat' dir='ltr'>iudiciorum</span> <span class='ocrx_word' id='word_1_207' title='bbox 672 3185 870 3248; x_wconf 91' lang='lat' dir='ltr'>enumeratio</span> <span class='ocrx_word' id='word_1_208' title='bbox 899 3183 1076 3249; x_wconf 74' lang='lat' dir='ltr'>inducitur.</span> <span class='ocrx_word' id='word_1_209' title='bbox 1119 3183 1203 3248; x_wconf 90' lang='lat' dir='ltr'>Nam</span> <span class='ocrx_word' id='word_1_210' title='bbox 1230 3203 1303 3248; x_wconf 88' lang='lat' dir='ltr'>oum</span> <span class='ocrx_word' id='word_1_211' title='bbox 1336 3178 1457 3245; x_wconf 70' lang='grc'>9116(’-(1</span> 
     </span>
     <span class='ocr_line' id='line_1_27' title="bbox 354 3288 1456 3376; baseline 0.001 -22"><span class='ocrx_word' id='word_1_212' title='bbox 354 3288 444 3354; x_wconf 87' lang='lat' dir='ltr'>duris</span> <span class='ocrx_word' id='word_1_213' title='bbox 466 3289 580 3372; x_wconf 88' lang='lat' dir='ltr'>poenis</span> <span class='ocrx_word' id='word_1_214' title='bbox 613 3296 776 3374; x_wconf 76' lang='lat' dir='ltr'>caveatur,</span> <span class='ocrx_word' id='word_1_215' title='bbox 808 3311 850 3356; x_wconf 91' lang='lat' dir='ltr'>ne</span> <span class='ocrx_word' id='word_1_216' title='bbox 882 3293 956 3374; x_wconf 89' lang='lat' dir='ltr'>quis</span> <span class='ocrx_word' id='word_1_217' title='bbox 978 3299 1098 3357; x_wconf 91' lang='lat' dir='ltr'>temere</span> <span class='ocrx_word' id='word_1_218' title='bbox 1121 3291 1361 3376; x_wconf 76' lang='lat' dir='ltr'>provocationis</span> <span class='ocrx_word' id='word_1_219' title='bbox 1383 3290 1456 3355; x_wconf 92' lang='lat' dir='ltr'>iure</span> 
     </span>
     <span class='ocr_line' id='line_1_28' title="bbox 354 3397 1456 3485; baseline 0.002 -23"><span class='ocrx_word' id='word_1_220' title='bbox 354 3398 506 3463; x_wconf 91' lang='lat' dir='ltr'>abutatur</span> <span class='ocrx_word' id='word_1_221' title='bbox 538 3397 637 3481; x_wconf 78' lang='lat' dir='ltr'>(quod</span> <span class='ocrx_word' id='word_1_222' title='bbox 665 3400 785 3483; x_wconf 90' lang='lat' dir='ltr'>optime</span> <span class='ocrx_word' id='word_1_223' title='bbox 812 3402 961 3485; x_wconf 85' lang='lat' dir='ltr'>oongruit</span> <span class='ocrx_word' id='word_1_224' title='bbox 983 3421 1055 3466; x_wconf 90' lang='lat' dir='ltr'>oum</span> <span class='ocrx_word' id='word_1_225' title='bbox 1087 3404 1261 3484; x_wconf 83' lang='lat' dir='ltr'>praecepto</span> <span class='ocrx_word' id='word_1_226' title='bbox 1284 3418 1332 3482; x_wconf 89' lang='lat' dir='ltr'>eo,</span> <span class='ocrx_word' id='word_1_227' title='bbox 1365 3397 1456 3482; x_wconf 85' lang='lat' dir='ltr'>quod</span> 
     </span>
     <span class='ocr_line' id='line_1_29' title="bbox 355 3493 1454 3591; baseline -0.002 -21"><span class='ocrx_word' id='word_1_228' title='bbox 355 3507 389 3571; x_wconf 93' lang='lat' dir='ltr'>in</span> <span class='ocrx_word' id='word_1_229' title='bbox 410 3506 514 3571; x_wconf 77' lang='lat' dir='ltr'>tronte</span> <span class='ocrx_word' id='word_1_230' title='bbox 545 3508 665 3591; x_wconf 87' lang='lat' dir='ltr'>legitur</span> <span class='ocrx_word' id='word_1_231' title='bbox 696 3508 796 3572; x_wconf 91' lang='lat' dir='ltr'>totius</span> <span class='ocrx_word' id='word_1_232' title='bbox 830 3505 1030 3587; x_wconf 68' lang='grc' dir='ltr'><strong><em>νομοθεσίας</em></strong></span> <span class='ocrx_word' id='word_1_233' title='bbox 1063 3505 1155 3570; x_wconf 73' lang='lat'>743⁶:</span> <span class='ocrx_word' id='word_1_234' title='bbox 1189 3495 1255 3570; x_wconf 83' lang='grc' dir='ltr'><strong><em>εἶεν</em></strong></span> <span class='ocrx_word' id='word_1_235' title='bbox 1276 3503 1313 3570; x_wconf 77' lang='grc' dir='ltr'>δὲ</span> <span class='ocrx_word' id='word_1_236' title='bbox 1333 3496 1392 3570; x_wconf 76' lang='grc' dir='ltr'>οὒκ</span> <span class='ocrx_word' id='word_1_237' title='bbox 1412 3493 1454 3568; x_wconf 79' lang='grc' dir='ltr'>άν</span> 
     </span>
     <span class='ocr_line' id='line_1_30' title="bbox 355 3604 1455 3700; baseline 0.001 -23"><span class='ocrx_word' id='word_1_238' title='bbox 355 3637 439 3679; x_wconf 86' lang='grc' dir='ltr'><strong><em>ποτε</em></strong></span> <span class='ocrx_word' id='word_1_239' title='bbox 470 3614 606 3679; x_wconf 79' lang='grc' dir='ltr'><strong><em>πολῖται</em></strong></span> <span class='ocrx_word' id='word_1_240' title='bbox 638 3613 739 3700; x_wconf 79' lang='grc' dir='ltr'><strong><em>φίλοι,</em></strong></span> <span class='ocrx_word' id='word_1_241' title='bbox 773 3607 860 3677; x_wconf 80' lang='grc' dir='ltr'><strong><em>ίίνιοο</em></strong></span> <span class='ocrx_word' id='word_1_242' title='bbox 893 3611 1014 3677; x_wconf 77' lang='grc' dir='ltr'><strong><em>πολλαί</em></strong></span> <span class='ocrx_word' id='word_1_243' title='bbox 1035 3612 1095 3693; x_wconf 81' lang='grc' dir='ltr'>μὲν</span> <span class='ocrx_word' id='word_1_244' title='bbox 1124 3612 1210 3700; x_wconf 79' lang='grc' dir='ltr'><strong><em>δίκαι</em></strong></span> <span class='ocrx_word' id='word_1_245' title='bbox 1239 3612 1272 3679; x_wconf 82' lang='grc' dir='ltr'>ἑν</span> <span class='ocrx_word' id='word_1_246' title='bbox 1301 3604 1455 3699; x_wconf 74' lang='grc' dir='ltr'><strong><em>ἀλλήλοις</em></strong></span> 
     </span>
     <span class='ocr_line' id='line_1_31' title="bbox 355 3714 1454 3808; baseline -0.001 -21"><span class='ocrx_word' id='word_1_247' title='bbox 355 3714 431 3804; x_wconf 81' lang='grc' dir='ltr'><strong><em>εἷεν,</em></strong></span> <span class='ocrx_word' id='word_1_248' title='bbox 461 3723 581 3788; x_wconf 77' lang='grc' dir='ltr'><strong><em>πολλαί</em></strong></span> <span class='ocrx_word' id='word_1_249' title='bbox 604 3721 640 3787; x_wconf 81' lang='grc' dir='ltr'>δὲ</span> <span class='ocrx_word' id='word_1_250' title='bbox 660 3715 790 3801; x_wconf 84' lang='grc' dir='ltr'><strong><em>άδικίαι,</em></strong></span> <span class='ocrx_word' id='word_1_251' title='bbox 814 3714 884 3787; x_wconf 81' lang='lat' dir='ltr'>a’tt’</span> <span class='ocrx_word' id='word_1_252' title='bbox 909 3715 995 3786; x_wconf 80' lang='grc' dir='ltr'><strong><em>ὅσον</em></strong></span> <span class='ocrx_word' id='word_1_253' title='bbox 1018 3715 1064 3800; x_wconf 70' lang='lat' dir='ltr'>aig</span> <span class='ocrx_word' id='word_1_254' title='bbox 1093 3717 1145 3789; x_wconf 78' lang='grc' dir='ltr'>ὅτι</span> <span class='ocrx_word' id='word_1_255' title='bbox 1166 3717 1377 3808; x_wconf 87' lang='grc' dir='ltr'><strong><em>σμικρόταται</em></strong></span> <span class='ocrx_word' id='word_1_256' title='bbox 1400 3721 1454 3787; x_wconf 84' lang='grc' dir='ltr'>καί</span> 
     </span>
     <span class='ocr_line' id='line_1_32' title="bbox 354 3820 1451 3916; baseline 0.001 -19"><span class='ocrx_word' id='word_1_257' title='bbox 354 3831 537 3915; x_wconf 78' lang='grc' dir='ltr'><strong><em>ὀλίγισται),</em></strong></span> <span class='ocrx_word' id='word_1_258' title='bbox 570 3839 680 3899; x_wconf 90' lang='lat' dir='ltr'>nostro</span> <span class='ocrx_word' id='word_1_259' title='bbox 695 3820 770 3898; x_wconf 60' lang='lat' dir='ltr'>&#39;loeo</span> <span class='ocrx_word' id='word_1_260' title='bbox 793 3853 857 3896; x_wconf 94' lang='lat' dir='ltr'>non</span> <span class='ocrx_word' id='word_1_261' title='bbox 872 3831 942 3896; x_wconf 87' lang='lat' dir='ltr'>sine</span> <span class='ocrx_word' id='word_1_262' title='bbox 958 3831 1066 3897; x_wconf 87' lang='lat' dir='ltr'>studio</span> <span class='ocrx_word' id='word_1_263' title='bbox 1082 3833 1192 3916; x_wconf 88' lang='lat' dir='ltr'>aliquo</span> <span class='ocrx_word' id='word_1_264' title='bbox 1210 3834 1451 3900; x_wconf 77' lang='lat' dir='ltr'>commendatur</span> 
     </span>
     <span class='ocr_line' id='line_1_33' title="bbox 356 3941 1454 4028; baseline -0.001 -21"><span class='ocrx_word' id='word_1_265' title='bbox 356 3941 554 4028; x_wconf 84' lang='lat' dir='ltr'>provocandi</span> <span class='ocrx_word' id='word_1_266' title='bbox 569 3942 776 4026; x_wconf 81' lang='lat' dir='ltr'>consuetudo,</span> <span class='ocrx_word' id='word_1_267' title='bbox 798 3942 919 4025; x_wconf 87' lang='lat' dir='ltr'>quippe</span> <span class='ocrx_word' id='word_1_268' title='bbox 935 3960 1019 4024; x_wconf 94' lang='lat' dir='ltr'>quae</span> <span class='ocrx_word' id='word_1_269' title='bbox 1039 3941 1213 4007; x_wconf 88' lang='lat' dir='ltr'>utilissima</span> <span class='ocrx_word' id='word_1_270' title='bbox 1227 3942 1270 4007; x_wconf 92' lang='lat' dir='ltr'>sit</span> <span class='ocrx_word' id='word_1_271' title='bbox 1284 3942 1327 4007; x_wconf 91' lang='lat' dir='ltr'>ad</span> <span class='ocrx_word' id='word_1_272' title='bbox 1341 3963 1454 4008; x_wconf 86' lang='lat' dir='ltr'>verum</span> 
     </span>
     <span class='ocr_line' id='line_1_34' title="bbox 357 4050 586 4134; baseline -0.022 -15"><span class='ocrx_word' id='word_1_273' title='bbox 357 4050 586 4134; x_wconf 77' lang='lat' dir='ltr'>indagandum.</span> 
     </span>
    </p>
   </div>
   <div class='ocr_carea' id='block_1_6' title="bbox 455 4144 1486 4269">
    <p class='ocr_par' dir='ltr' id='par_1_7' title="bbox 455 4144 1486 4269">
     <span class='ocr_line' id='line_1_35' title="bbox 455 4144 1486 4269; baseline -0.003 -16"><span class='ocrx_word' id='word_1_274' title='bbox 455 4184 507 4253; x_wconf 81' lang='lat' dir='ltr'>Ex</span> <span class='ocrx_word' id='word_1_275' title='bbox 521 4185 638 4268; x_wconf 82' lang='lat' dir='ltr'>quibus</span> <span class='ocrx_word' id='word_1_276' title='bbox 654 4184 802 4253; x_wconf 87' lang='lat' dir='ltr'>omnibus</span> <span class='ocrx_word' id='word_1_277' title='bbox 819 4188 907 4251; x_wconf 89' lang='lat' dir='ltr'>oerta</span> <span class='ocrx_word' id='word_1_278' title='bbox 920 4183 977 4248; x_wconf 85' lang='lat' dir='ltr'>vix</span> <span class='ocrx_word' id='word_1_279' title='bbox 991 4187 1141 4269; x_wconf 87' lang='lat' dir='ltr'>poterunt</span> <span class='ocrx_word' id='word_1_280' title='bbox 1155 4181 1274 4265; x_wconf 86' lang='lat' dir='ltr'>oolligi.</span> <span class='ocrx_word' id='word_1_281' title='bbox 1319 4180 1451 4250; x_wconf 80' lang='lat' dir='ltr'>Conieo·</span> <span class='ocrx_word' id='word_1_282' title='bbox 1483 4144 1486 4147; x_wconf 40' lang='lat'><em>,</em></span> 
     </span>
    </p>
   </div>
   <div class='ocr_carea' id='block_1_7' title="bbox 0 0 1660 4906">
    <p class='ocr_par' dir='ltr' id='par_1_8' title="bbox 0 0 1660 4906">
     <span class='ocr_line' id='line_1_36' title="bbox 0 0 1660 4906; baseline 0 2"><span class='ocrx_word' id='word_1_283' title='bbox 0 0 1660 4906; x_wconf 95' lang='lat' dir='ltr'> </span> 
     </span>
    </p>
   </div>
   <div class='ocr_carea' id='block_1_8' title="bbox 494 4718 1019 4870">
    <p class='ocr_par' dir='ltr' id='par_1_9' title="bbox 494 4718 1019 4870">
     <span class='ocr_line' id='line_1_37' title="bbox 494 4718 1019 4870; baseline 0.004 -2"><span class='ocrx_word' id='word_1_284' title='bbox 494 4718 1019 4870; x_wconf 56' lang='lat' dir='ltr'>Aa</span> 
     </span>
    </p>
   </div>
  </div>
 </body>
</html>
