3312 4906
767 357 806 417 29

238 539 343 621 Atque
365 537 426 603 hoo
449 537 596 620 inprimis
617 537 651 600 in
674 535 867 601 iudioiorum
887 536 1088 601 institutione
1108 536 1226 619 valere,
1248 537 1334 603 loeu-

241 649 439 732 pletis'simus
458 647 550 711 testis
574 652 623 711 est
639 646 728 710 loous
747 644 834 728 846¹),
856 645 913 710 ubi
935 645 1035 710 verba
1054 643 1154 726 μυρία
1177 642 1214 709 δὲ
1234 646 1336 708 ταῦτα

239 746 318 821 ὄντα
333 754 388 819 καὶ
401 737 521 837 σμικροὶ
543 748 672 837 νόμιμα,
695 752 772 818 καθ’
787 745 809 816 ἃ
826 749 959 830 δεῖτσὶς
979 751 1139 835 τιμωρίας
1156 752 1337 837 γίγνεσθαι,

237 855 364 951 λη’ξεών
385 888 421 929 τε
444 864 522 947 πέρι
547 862 721 929 δικῶνκαὶ
743 856 979 948 προσκλήσεων
1000 860 1054 926 καί
1075 856 1251 949 κλητήρων,
1275 857 1333 928 εἴτ’

237 973 293 1039 ἐπὶ
315 974 405 1050 δυεῖν
426 966 485 1038 εἴτ’
508 968 561 1059 ἐφ’
586 966 723 1038 ὁπόσων
744 973 796 1037 δεῖ
813 971 997 1049 καλεῖσθαι,
1020 970 1075 1035 καὶ
1095 965 1203 1036 πάντα
1225 966 1336 1038 ὁπόσα

236 1076 373 1149 τοιαῦτά
394 1081 489 1160 ἐστιν,
525 1061 592 1146 οὔτ’
616 1072 847 1167 ἀνομοθέτητα
870 1072 979 1146 οἷόντε
1012 1072 1096 1146 εἶναι
1117 1075 1269 1165 γέροντός
1288 1105 1334 1146 ,τε

237 1185 295 1258 οὐκ
316 1182 391 1274 δίξια
412 1190 609 1275 νομοθέτου,
645 1186 918 1273 νομοθετούντων
940 1190 968 1255 δ’
991 1181 1073 1254 αὐτὰ
1096 1180 1128 1255 οἳ
1160 1190 1228 1255 νέοι
1249 1185 1336 1273 πρὸς

236 1297 277 1366 τὰ
298 1303 365 1366 τῶν
378 1294 533 1385 πρόσθεν
555 1295 809 1387 νομοθετήματα
823 1292 1088 1383 οἷπομιμοίμενοι
1109 1295 1229 1383 σμικροὶ
1249 1294 1336 1382 πρὸς

236 1406 367 1497 μεγάλα,
389 1409 443 1476 καί
463 1410 522 1499 τῆς
541 1408 712 1495 ἀναγκαίας
733 1401 844 1474 αὐτῶν
864 1408 975 1493 χρείας
996 1408 1162 1496 ἐμπείρως
1176 1404 1333 1490 ἰ’σχοντες,

236 1511 394 1605 μέχριπερ
421 1513 461 1585 δν
491 1514 600 1585 πάντα
622 1514 740 1596 ἱκανοῖς
763 1514 842 1605 δόξῃ
871 1522 1015 1584 κεῖσθαι·
1047 1512 1123 1583 τότε
1142 1517 1182 1584 δὲ
1202 1512 1335 1603 ἀκίνητα

237 1606 466 1716 ποιησάμενοι
484 1624 613 1711 ζεόντων
633 1623 764 1706 τούτοις
793 1618 854 1715 ἤδη
885 1621 1048 1711 χρεόμενοι
1078 1626 1198 1711 μέτρον
1223 1624 1335 1708 ἔχουσι

238 1742 385 1823 quamvis
406 1741 563 1823 singulari
588 1741 733 1804 instituto
756 1739 909 1805 adiunota
930 1745 1042 1822 aperte
1064 1743 1172 1804 tamen
1208 1740 1243 1812 in
1264 1739 1334 1805 uni-

235 1852 365 1915 versum
386 1849 553 1934 disputata
575 1856 657 1915 sunt.

330 1958 424 2037 uuio
453 1959 551 2042 igitur
584 1958 799 2025 iudioabimus
834 1958 875 2024 de
906 1959 982 2024 libri
1004 1958 1071 2022 XII
1104 1960 1210 2043 eapite
1230 1959 1335 2024 VIII?
1429 2007 1431 2011 a

237 2066 323 2130 Nam
345 2068 459 2150 negari
482 2087 546 2131 non
568 2073 673 2151 potest
693 2066 754 2132 hoo
777 2044 853 2151 ipso'
873 2069 979 2152 eapite
1001 2066 1046 2132 de·
1064 2067 1196 2132 iudioiis
1224 2069 1335 2149 aliqua

239 2176 368 2260 exponi,
403 2196 487 2258 quae
514 2196 579 2241 nou
610 2178 710 2241 insint
742 2178 776 2241 in
808 2178 878 2242 looo
908 2177 1024 2260 priore.
1069 2176 1252 2257 Videndum
1284 2181 1333 2242 est

240 2285 340 2367 igitur
369 2286 518 2369 primum,
555 2306 631 2352 num
663 2286 745 2351 lorte
774 2287 969 2370 posteriores
1001 2284 1063 2350 hae
1096 2284 1333 2369 disputationes

155 2410 159 2419 “
239 2412 274 2457 se
297 2394 522 2477 supplementa
548 2413 619 2459 esse
641 2395 785 2478 priorum
805 2395 974 2459 fateantur.
1018 2392 1084 2458 Sed
1105 2395 1223 2479 prioris
1245 2394 1333 2458 illius

238 2500 314 2565 libri
346 2500 392 2565 Vl
431 2502 643 2586 expositionis
673 2507 716 2567 'ne
747 2523 810 2566 uno
843 2500 974 2583 quidem
1006 2502 1105 2568 verbo
1137 2503 1257 2567 mentio
1288 2501 1336 2566 fit.

240 2608 359 2675 Contra
381 2612 621 2677 enumeratione
652 2610 846 2677 iudiciorum
878 2631 962 2692 quae
983 2617 1032 2676 est
1053 2612 1087 2675 in
1109 2613 1216 2696 prima
1236 2610 1331 2676 huius

240 2707 358 2802 eapitis
380 2725 472 2802 parte
494 2718 644 2785 videntur
666 2723 763 2804 plane
783 2740 868 2785 nova
888 2721 1034 2803 prolerri.
1081 2719 1212 2786 Obioies
1234 2721 1334 2786 verba

238 2846 323 2908 quae
345 2829 478 2892 suntin
500 2829 605 2894 fronte
627 2830 761 2913 eapitis:
785 2822 840 2892 ὅτε
863 2825 899 2892 δὲ
910 2827 992 2911 μέρη
1014 2826 1169 2913 διείρηται
1192 2829 1249 2915 τῆς
1270 2821 1336 2893 πό-

238 2934 322 3012 λεως
343 2930 516 3021 ξυμπάσης
538 2988 544 3003 .
569 2988 576 3002 .
601 2990 607 3003 .
629 2936 684 3001 καὶ
715 2930 812 3020 νόμοι
844 2936 922 3020 περὶ
953 2943 1020 3001 των
1052 2935 1256 3020 ξομβολαίων
1288 2933 1336 3014 εἷς

238 3038 372 3128 δύναμιν
393 3048 459 3110 των
479 3045 642 3131 μεγίστων
663 3045 740 3129 π’έρι
758 3038 892 3110 πάντων
915 3039 1068 3130 εἴρηνται,
1093 3041 1132 3109 τδ
1154 3040 1274 3110 λοιπδν
1294 3040 1334 3133 δὴ
1381 3024 1389 3037 ⁸

237 3151 329 3231 δίκας
360 3146 402 3218 dv
434 3147 485 3239 e'r'p
517 3150 622 3236 χρεών
658 3153 827 3239 χίχνεσθαι
860 3157 980 3240 optime
1011 3155 1207 3240 respondere
1237 3154 1335 3219 δικῶν

164 3286 169 3295 ’
198 3328 203 3336 ,
238 3256 349 3345 νόμων
371 3263 467 3328 θέσει
489 3264 542 3329 καί
572 3264 737 3348 διαιρέσει,
772 3286 856 3348 quae
887 3266 971 3359 librp
1001 3266 1047 3331 VI
1079 3266 1333 3352 promittebatur.
1369 3258 1372 3269 ’

238 3358 304 3438 Sed
337 3364 539 3457 ineptissime
571 3374 632 3440 hoo
653 3377 724 3453 looo
747 3374 926 3468 disputatio
961 3375 1208 3441 deuotionibus
1240 3376 1334 3458 quasi

239 3502 322 3547 nova
334 3482 377 3547 sit
397 3482 567 3549 induoitur.
600 3486 651 3550 De
664 3484 715 3550 his
731 3486 817 3550 enirn
831 3505 892 3562 res,
916 3490 951 3551 ut
963 3483 1043 3568 dixi,
1060 3486 1152 3550 libris
1170 3486 1333 3569 prioribus

240 3590 282 3656 ad
309 3591 404 3656 finem
436 3591 593 3675 perduota
627 3599 685 3677 est,
721 3577 754 3657 in
786 3593 996 3686 sequentibus
1029 3599 1138 3658 autem
1159 3593 1200 3658 de
1221 3594 1333 3660 litibus

140 3740 146 3747 -
240 3721 287 3764 no
302 3701 436 3785 verbum
468 3700 600 3784 quidem
633 3703 787 3768 invenies.
832 3702 898 3768 Sed
930 3702 1097 3785 fingamus,
1129 3703 1250 3787 respioi
1282 3702 1333 3768 his

238 3810 348 3883 verbis
371 3812 454 3872 7680»
469 3809 496 3872 ⁶:
518 3811 763 3896 postularemus,
785 3812 814 3877 si
837 3832 889 3877 res
913 3812 959 3876 ita
973 3817 1067 3894 esset,
1087 3811 1197 3877 verbis
1219 3805 1274 3875 ὅτε
1297 3809 1334 3875 δὲ

242 3915 323 4003 μέρη
346 3939 372 3983 e.
396 3939 426 4000 q.
447 3938 481 4001 s,
505 3939 588 4000 quae
610 3920 734 4004 priores
762 3919 920 4002 quasdam
944 3921 1051 4005 operis
1075 3926 1183 4004 partes
1206 3940 1334 3986 enume-

239 4033 320 4110 rant,
354 4021 493 4092 eorum
524 4029 619 4110 quasi
652 4030 760 4112 eapite
792 4029 934 4094 breviter
962 4030 1085 4114 reterri,
1115 4051 1199 4113 quae
1228 4032 1333 4095 inter

239 4142 453 4220 utrumque
474 4137 591 4229 ¹looum
612 4135 778 4221 disputata
799 4143 899 4202 sunt·
930 4138 996 4203 Sed
1022 4138 1207 4204 distributio
1239 4139 1329 4207 urbis

239 4247 304 4311 iam
324 4247 407 4311 libro
428 4241 541 4329 quinto
563 4246 650 4311 laeta
671 4252 749 4312 erat.
