3312 4906
801 379 841 440 38

274 567 442 648 peooatum
464 567 497 626 et
522 559 629 645 „quod
648 561 745 628 iaoile
768 564 876 629 sanari
897 556 1028 647 possit“.
1061 563 1103 628 Et
1123 561 1210 644 qnid
1223 559 1284 628 hoo
1306 561 1370 628 sibi

189 744 195 751 ,
274 673 344 738 vult
377 673 459 737 inter
488 672 624 737 erimina
651 673 835 756 capitatia?
877 673 922 740 Ut
942 693 989 738 ne
1004 674 1170 756 graviores
1202 671 1278 740 huio
1299 675 1371 741 loeo

276 782 476 865 suspiciones
501 781 739 865 admoveamus,
761 802 894 848 neeesse
920 784 982 848 erit
1004 782 1250 866 demonstretur,
1271 784 1371 850 totam

275 910 360 973 quae
382 890 563 971 insequitur
584 888 837 975 disputationem
868 893 990 975 quippe
1022 911 1106 974 quae
1128 892 1210 976 ipsis
1241 892 1307 958 illis
1330 891 1371 959 de

275 1000 361 1066 turto
382 997 491 1064 vorbis
512 998 663 1065 videatur
681 998 824 1066 exoitata
845 1019 926 1082 esse,
949 998 1072 1066 eisdem
1093 1001 1155 1065 uiti
1175 1021 1211 1067 ro
1232 1022 1319 1068 vera.

375 1108 482 1192 Atque
503 1110 538 1174 in
560 1108 662 1174 tonna
683 1109 782 1175 totius
803 1108 900 1174 huius
917 1108 1129 1192 digressionis
1152 1111 1223 1177 iuro
1237 1110 1373 1176 offendit

276 1217 463 1303 Zellerus¹).
504 1218 627 1284 Dubito
648 1238 725 1284 vero
746 1239 823 1283 num
848 1226 935 1285 reete
965 1221 1113 1285 statuerit
1139 1240 1181 1286 ne
1204 1240 1372 1304 argumen-
1423 1267 1433 1286 .

277 1335 345 1395 tum
367 1329 498 1412 quidem
520 1329 590 1396 eius
612 1328 827 1410 quadrare‘in
848 1328 934 1395 huno
954 1330 1069 1396 looum.
1101 1330 1222 1396 Verum
1236 1316 1285 1397 est
1299 1350 1372 1397 oon-

204 1484 207 1489 ·
276 1440 381 1505 tusam
403 1458 475 1505 esse
496 1437 580 1504 hane
602 1437 856 1522 disputationem
876 1443 909 1504 et
930 1444 1108 1505 contortam
1123 1460 1220 1522 quam
1233 1441 1374 1506 maximo
1424 1466 1430 1473 ·

277 1554 309 1615 et
329 1549 446 1615 mirum
468 1553 624 1631 quantum
637 1552 779 1614 monstro
801 1549 941 1613 similem
963 1549 1033 1614 sine
1052 1549 1160 1632 oapite
1182 1549 1373 1634 etpedibus

231 1686 235 1696 f
277 1664 362 1724 nato.
406 1658 529 1724 Tamen
550 1657 727 1723 videndum
748 1662 805 1740 est,
827 1677 904 1723 num
932 1657 1069 1724 tortasse
1092 1659 1127 1723 in
1158 1659 1300 1725 tenebris
1321 1658 1374 1724 his

278 1773 400 1834 eertum
421 1767 592 1833 eonsilium
613 1773 798 1848 sertumque
823 1768 1055 1833 sententiarum
1082 1788 1201 1835 nexum
1223 1768 1374 1852 detegere

275 1877 385 1944 iioeat.
427 1875 534 1958 Atque
556 1877 696 1959 primurn
717 1874 810 1941 adest
831 1881 920 1941 certa
940 1878 1063 1960 aporia,
1086 1896 1126 1942 ea
1155 1879 1288 1961 soilioet,
1318 1878 1374 1960 qui
1456 1961 1467 1973 ι

277 1985 348 2052 fieri
362 1986 466 2069 possit
480 1990 515 2049 ut
529 1985 620 2050 salvo
635 1984 691 2049 ilio
707 1985 828 2068 plaoito
850 1983 1045 2068 philosopho
1067 2007 1151 2074 „non
1165 1988 1295 2071 peooari
1309 1986 1375 2052 nisi

278 2080 323 2160 ab
340 2090 470 2159 invitis“
488 2112 594 2182 poena
613 2094 738 2158 valeret
752 2098 784 2158 et
795 2092 926 2176 quidem
937 2113 1062 2177 poenae
1072 2096 1183 2161 variae
1202 2094 1322 2177 (860⁸):
1345 2087 1375 2158 εἷ

280 2197 320 2287 δὴ
340 2203 442 2267 ταῦτα
464 2195 569 2278 οὕτως
592 2195 709 2281 ἔχοντά
726 2198 821 2278 ἐστιν,
845 2187 873 2264 ιδ
889 2200 967 2283 ξένε,
991 2202 1024 2266 τί
1037 2198 1270 2285 συμβουλεύεις
1299 2198 1377 2289 ἡμῖν

279 2312 357 2395 περὶ
377 2313 435 2400 τῆς
455 2310 656 2394 νομοδεσῖας
679 2311 719 2400 τῇ
740 2313 806 2375 τῶν
835 2306 1023 2396 Μαγγήτων
1057 2306 1172 2391 πόλεις
1204 2307 1376 2395 πότερον

278 2422 513 2503 νομοθετεῖν
535 2412 556 2505 ἢ
576 2413 641 2507 μὴ,·
663 2420 749 2496 πῶς
769 2413 837 2503 γάρ
860 2408 920 2497 od}
942 2414 1058 2508 φήσω.
1080 2421 1215 2504 διοριεῖς
1238 2407 1295 2487 οὖν
1315 2413 1377 2488 αδ-

277 2532 350 2607 τοῖς
368 2518 505 2595 άκοῦσιά
519 2551 554 2592 τε
569 2527 624 2593 καὶ
644 2522 780 2593 ἑκούσια
798 2518 989 2616 άδικήματα,
1006 2527 1138 2595 καὶτῶν
1148 2529 1207 2613 μὲν
1218 2526 1376 2597 ἑκουσίων

277 2632 517 2723 ἁμαρτημάτων
529 2660 565 2702 τε
580 2637 633 2702 καὶ
648 2627 854 2722 ἀδικημάτων
867 2637 998 2720 μείζους
1013 2634 1071 2716 τὰς
1089 2638 1202 2722 ζημίας
1215 2633 1374 2728 θήσομεν,

278 2745 384 2833 τῶνδ’
400 2740 568 2823 &Aderam-3
584 2739 607 2831 ἢ
617 2746 777 2827 πάντων
793 2745 833 2827 ἐξ
843 2739 940 2831 ἷόης,
964 2741 1013 2824 (ὃς
1028 2737 1098 2812 oda
1113 2737 1236 2812 άντων
1249 2739 1376 2833 άδικη-

173 2898 181 2912 .
279 2849 413 2938 μάτων
445 2849 488 2919 τδ
515 2848 702 2936 παράπαν
735 2849 942 2932 ἓκουσίωνς
973 2854 1103 2940 (similis
1135 2864 1241 2925 autem
1263 2858 1377 2942 aporia

280 2965 364 3031 inest
379 2965 413 3030 in
428 2964 554 3031 Cliniae
569 2966 831 3049 interrogatione,
847 2986 903 3031 our
919 2966 1055 3032 eandem
1070 2968 1217 3034 omnibus
1232 2968 1375 3052 peceatis

280 3092 419 3157 poenam
434 3074 582 3138 statuerit
596 3072 812 3158 Atheniensis,
833 3070 939 3157 85712).
973 3074 1145 3152 Quaeritur
1169 3075 1269 3160 igitur
1282 3096 1376 3159 nune,

280 3203 357 3247 num
378 3180 459 3250 haee
486 3180 660 3248 difficultas
683 3181 872 3267 profligetur
894 3185 1113 3265 sequentibus.
1156 3184 1262 3267 Atque
1283 3204 1377 3269 repu-

281 3291 389 3359 diatur
409 3292 548 3375 primum
570 3291 689 3358 divisio
711 3292 881 3358 eriminum
902 3293 936 3357 in
958 3294 1141 3360 voluntaria
1156 3299 1253 3375 atque
1276 3294 1379 3361 invita

282 3399 406 3483 (861ᾱ);
427 3393 510 3463 κατὰ
529 3397 603 3464 τίνα
616 3397 653 3464 δὲ
672 3391 799 3482 τρόπον
815 3392 910 3463 ἒοτδν
922 3393 991 3478 δύο,
1015 3396 1045 3466 εἲ
1060 3399 1105 3488 μη
1119 3402 1167 3486 τῷ
1182 3422 1219 3464 τε
1234 3391 1377 3487 άκονσίηι

381 3690 407 3759 l)
426 3689 534 3745 Platon.
554 3689 671 3744 Studien
688 3707 716 3759 p.
730 3690 778 3744 66:
797 3689 839 3743 lm
857 3692 980 3743 neunten
991 3688 1068 3744 Bueh
1085 3687 1124 3744 ist
1135 3688 1180 3744 die
1198 3688 1270 3744 auch
1287 3689 1376 3744 ihrem

279 3785 374 3841 Inhult
391 3785 463 3840 uaeh
480 3784 558 3840 nieht
575 3785 657 3840 recht
674 3773 1190 3855 hergehdrigeEpisode(85⁷¹³-'864⁰)
1208 3802 1377 3855 gezmpen

281 3880 454 3951 eiugotfihrt;
472 3881 617 3937 riberdiess
634 3881 673 3936 ist
692 3881 732 3936 sie
750 3881 836 3935 selbot
853 3879 933 3936 nieht
952 3879 1014 3935 eine
1031 3878 1178 3935 fliesssrrde
1196 3879 1378 3952 Dsrstelluug

282 3995 333 4033 aus
352 3978 441 4033 siuem
460 3977 556 4044 Gusse,
574 3978 697 4032 sondern
723 3993 773 4032 uus
794 3975 1036 4047 ungleiohartigen
1059 3974 1181 4031 Stiioken
1206 3992 1377 4032 zusammen·

282 4076 399 4145 gesetzt,
419 4073 504 4128 deren
522 4073 619 4145 rugen
636 4072 707 4130 noeh
725 4072 799 4128 wohl
816 4070 1005 4128 hervorsehen
1023 4071 1108 4140 (858⁰,
1124 4071 1198 4136 859⁰,
1210 4066 1376 4143 8600‚'863⁸)

282 4167 341 4224 und
359 4168 446 4224 deren
463 4167 622 4239 gemachtes
640 4170 699 4226 sioh
717 4170 788 4226 auoh
807 4169 837 4224 in
853 4168 918 4225 dem
935 4167 1018 4225 meist
1035 4162 1196 4223 madramen
1213 4163 1310 4236 Gange
1326 4163 1378 4221 der

283 4261 488 4335 Untorredung,
499 4263 636 4321 darstellt.
