3312 4906
785 368 824 430 41

256 551 352 635 leget,
388 553 497 636 inepte
531 551 670 618 Cliniam
705 550 969 618 antecedentibus
1000 549 1207 616 Atheniensis
1242 547 1350 614 verbis

257 681 429 748 opponere,
444 663 501 745 qui
515 663 586 730 fieri
600 664 704 748 possit
718 668 755 729 ut
768 663 866 728 etiarn
881 661 1088 745 sacrilegium
1110 656 1178 743 (καί
1199 656 1236 738 ἐξ
1254 650 1351 738 ἱερῶν

257 765 410 858 ἢόσίων)
431 793 497 838 non
519 774 663 839 severius
685 773 838 857 puniatur
860 791 956 855 quam
978 777 1086 838 cetera
1106 771 1201 835 turta
1244 768 1351 835 Sacri·

255 883 339 966 legis
365 884 452 948 enirn
481 879 607 948 civibus
634 901 741 967 poena
760 883 873 948 mortis
902 883 967 947 iam
988 884 1064 944 854θ
1077 881 1251 946 const‘tuta
1272 884 1351 945 crat.

294 1062 305 1072 ,
356 991 423 1058 Sed
448 993 601 1074 graviora
620 996 810 1074 argumenta
839 990 1005 1056 accedant.
1062 990 1131 1056 Hoc
1164 991 1250 1055 enim
1283 987 1351 1053 exi·

181 1093 185 1099 ’
256 1107 360 1168 stumo
381 1121 478 1186 posse
495 1102 662 1186 postulari,
684 1106 720 1166 ut
741 1102 880 1184 scriptor
893 1099 1019 1166 adeam
1040 1120 1109 1166 rem
1123 1099 1244 1181 redeat,
1265 1096 1352 1163 unde

256 1217 288 1277 ct
324 1217 520 1295 quapropter
552 1211 718 1293 digressus
758 1213 809 1276 sit.
873 1209 940 1276 Sed
972 1209 1212 1276 animadvertas
1245 1209 1351 1293 capite

256 1326 466 1404 octavaque
499 1322 533 1385 in
564 1322 652 1385 viam
681 1321 862 1402 revertitur,
883 1316 1015 1403 prorsus
1036 1321 1125 1386 nullo
1152 1321 1252 1384 verbo
1274 1319 1350 1384 lurti

255 1431 450 1496 mentionem
471 1429 552 1512 fieri,
575 1450 647 1495 curn
673 1435 781 1495 tamen
801 1430 866 1494 tria
887 1430 945 1494 illa
966 1430 1122 1513 capitalia
1149 1428 1270 1495 delicta
1297 1448 1351 1493 ex·

254 1540 376 1623 pressis
409 1540 517 1605 verbis
539 1540 753 1624 respiciantur
781 1537 896 1619 (8640):
908 1527 1025 1619 Ἴωμεν
1044 1532 1083 1625 δὴ
1098 1531 1138 1601 τὰ
1152 1531 1235 1619 μετὰ
1249 1537 1352 1601 ταῦτα

256 1645 369 1725 ε’κεῖσε,
395 1642 525 1712 ὁπόθεν
545 1644 697 1729 ἐξέβημεν
717 1647 824 1729 δεῦρο,
850 1645 1060 1729 περαίνοντες
1088 1641 1148 1735 τὴν
1168 1644 1265 1711 θέσιν
1285 1646 1351 1709 τῶν

255 1750 374 1837 νόμων.
404 1742 443 1845 ἧν
464 1753 500 1820 δὲ
522 1750 599 1843 ἡμῖν
612 1755 745 1839 κείμενα
761 1754 841 1839 περί
855 1778 890 1820 τε
913 1756 980 1819 τῶν
1001 1749 1223 1842 συλώντων,
1248 1746 1349 1837 οἶμαι,

254 1863 348 1943 τούς
374 1858 500 1941 θεούς
520 1862 574 1929 καί
589 1859 631 1931 τοὶ
651 1863 810 1947 περὶτῶν
825 1864 1052 1946 προδοτῶν,

254 1998 354 2057 μους
384 1967 712 2061 διαφθειρόντων
744 1972 811 2039 έπί
842 1966 1059 2038 καταλύσει
1091 1975 1148 2061 τῆς
1183 1966 1352 2057 παρούσης

254 2082 473 2160 πολιτείας.

353 2191 448 2258 Addo
473 2194 609 2259 alterum
624 2194 738 2276 locum,
758 2194 814 2275 qui
837 2194 930 2260 nobis
945 2193 1090 2259 indicare
1105 2191 1234 2257 videtur
1253 2192 1351 2256 talem

254 2291 406 2383 ἀπορίαν,
439 2302 568 2383 qualem
600 2322 658 2368 nos
686 2303 920 2386 postulavimus
942 2323 977 2368 re
998 2322 1077 2368 vera
1099 2321 1230 2367 causam
1250 2300 1352 2365 luisse

255 2411 406 2494 scriptori
442 2411 541 2476 totius
574 2409 795 2494 digressionis,
833 2408 924 2476 860b:
957 2405 1016 2474 τόν
1045 2401 1255 2490 ἱερόσυλόν
1284 2429 1351 2470 που

255 2515 409 2601 ἐτίθεμεν
434 2517 568 2595 δικαίως
588 2511 627 2582 bb
650 2511 876 2608 οἷποθνόσκειν
896 2518 950 2585 καί
971 2514 1029 2585 τόν
1051 2521 1117 2583 τῶν
1138 2504 1175 2583 cd
1196 2515 1352 2599 κειμένων

255 2620 388 2708 νόμιον
410 2625 621 2711 πολέμιον,
645 2627 699 2692 καί
714 2626 888 2710 μέλλοντες
902 2623 941 2713 δὴ
958 2622 1080 2710 νόμιμα
1102 2629 1238 2692 τοιαῦτα
1259 2623 1352 2689 τιδέ-

206 2741 218 2756 “
255 2757 306 2798 ναι
327 2730 508 2817 πάμπολλα
530 2734 755 2819 ἐπέσχομεν
778 2730 942 2822 ἰδόντες,
964 2731 1016 2814 τίς
1040 2736 1159 2800 ταῦτα
1181 2733 1264 2799 έστί
1284 2731 1352 2816 μὲν

255 2833 398 2926 ύπειρα
425 2837 640 2933 παθήματα
666 2839 815 2930 πλήθει
848 2846 911 2923 καί
936 2844 1136 2930 μεγέθεσι,
1161 2837 1351 2909 δικαιότατα

233 2950 291 3016 -δὲ
312 2946 447 3017 πάντων
468 2949 677 3038 παθημάτων
698 2937 751 3020 καί
774 2949 969 3037 ξυμπάντων
990 2950 1148 3035 αἴσχιστα.

353 3064 416 3128 Hic
439 3064 525 3129 enim
546 3064 686 3149 primum
717 3064 757 3130 dc
781 3065 867 3131 iurto
895 3066 1018 3132 nullum
1038 3066 1181 3131 verbum.
1223 3065 1276 3129 Itu
1296 3085 1351 3129 au·

254 3178 320 3237 tem
342 3171 462 3239 delicta
484 3164 542 3237 illa
563 3174 718 3256 capitalia
733 3178 1029 3256 commemorantur,
1051 3180 1087 3239 ut
1109 3174 1351 3239 interlocutores

254 3280 440 3346 substitisse
460 3280 634 3346 videantur
656 3287 823 3368 stupentes
845 3287 955 3348 tantae
977 3303 1102 3367 poenae
1123 3289 1191 3348 tam
1205 3288 1351 3348 constan-

254 3394 319 3454 tem
340 3395 438 3470 atquc
460 3388 623 3455 crudelem
647 3391 921 3472 aequabilitatem.
953 3392 1059 3473 Atque
1080 3392 1157 3457 talis
1178 3390 1352 3457 difficultas

255 3499 283 3563 si
304 3498 410 3563 iuerat
431 3496 599 3562 exordium
625 3499 725 3564 totius
752 3498 974 3582 digressionis,
1003 3500 1202 3583 intellegitur
1224 3498 1351 3564 demum

254 3606 361 3672 exitus
384 3606 463 3687 eius,
485 3626 548 3688 quo
570 3612 603 3671 et
633 3608 809 3672 necessitas
832 3609 1003 3690 exponitur
1033 3609 1149 3673 summi
1168 3609 1257 3673 illius
1278 3628 1352 3692 sup-

254 3715 346 3801 plicii
368 3720 401 3780 et
423 3714 598 3780 crudelitas
620 3715 856 3799 quodammodo
878 3721 1051 3783 excusatur
1071 3719 1173 3794 (86322
1198 3705 1236 3778 ‘dv
1256 3712 1292 3780 δὲ
1313 3710 1352 3779 δν

253 3814 394 3900 ἀνιάτως
414 3859 456 3869 -
480 3816 538 3910 τὴν
560 3817 673 3905 πόλιν,
707 3825 866 3911 exscripsi
891 3825 992 3890 verba
1017 3846 1070 3910 pg.
1093 3827 1147 3906 393
1176 3824 1351 3891 accedunt:

255 3924 340 3996 υύτω
363 3926 402 4021 δὴ
425 3930 493 3996 τῶν
514 3925 678 3997 τοιούτων
695 3930 772 4014 πέρι
793 3929 962 4019 νομοθέτῃ
983 3925 1143 4021 κολαστὴν
1163 3933 1229 3995 τῶν
1250 3925 1352 4018 ἆμαρ-

253 4034 405 4126 τημύτων
436 4034 583 4106 δύνατσν
616 4030 735 4125 οἷνύμκη
768 4039 884 4123 νέμειν,
927 4029 1052 4118 όίλλως
1080 4038 1121 4106 δὲ
1152 4031 1352 4124 ούδαμῶς).

256 4144 370 4227 Quem*
380 4150 614 4217 sententiarum
639 4168 757 4214 nexum
779 4149 808 4213 si
830 4150 1100 4233 constituerimus,
1122 4149 1242 4235 optime
1263 4147 1352 4215 vide-

258 4258 365 4325 bimus
382 4259 476 4342 quasi
491 4256 748 4342 supplementum
762 4256 840 4322 addi
854 4256 971 4341 (Stil),
996 4276 1068 4323 esse
1083 4256 1240 4340 quasdam
1255 4258 1353 4324 etiam
