3312 4906
822 369 860 432 22

301 545 322 636 ἢ
353 545 527 635 δαιμόνων,
568 543 675 630 οὐδεὶς
707 551 829 634 ἐπιχει-
875 575 986 618 νουσιν
1019 545 1040 636 ἢ
1074 548 1129 614 καί
1160 544 1348 633 κάμνουσιν,
1381 541 1401 637 ἢ

301 656 394 747 ρήσει
415 664 516 726 κινεῖν
544 663 620 728 νοῦν
653 658 737 743 ἔχων
767 656 829 728 ὅσα
875 662 930 729 καί
950 663 1083 751 τελευτῇ
1104 658 1179 741 βίου
1207 656 1401 742 προςτυχίσι

303 768 338 835 ἐκ
352 769 495 858 Δελφῶν
509 764 530 859 ἢ
542 764 705 856 Δωδώνης
719 764 829 861 iiiuc&
874 770 1067 857 γενομένοις,
1102 765 1170 855 ἰδίη
1198 791 1234 833 τε
1263 766 1317 832 καί
1346 768 1401 852 δη-

295 867 477 962 ’Ἀμμωνος
513 871 533 965 η’
571 902 656 958 τινες
692 876 830 947 ἔπεισαν
875 878 977 968 μοσίᾳ
1002 874 1099 960 δόξας
1126 875 1397 969 παραγενομένας,

302 987 439 1054 παλαιοί
475 982 567 1073 λόγοι
599 983 707 1079 ὁπηδῄ
740 1014 829 1069 τινας
877 985 960 1057 ὅθεν
981 983 1053 1072 iacti
1070 982 1178 1052 πολλὰ
1196 986 1331 1056 πολλῶν
1352 985 1402 1070 γέ-

304 1096 478 1176 πείσαντες
499 1091 681 1185 φασμάτων
701 1097 829 1183 γενομὲ-
876 1122 959 1185 γονε,
992 1092 1034 1164 uri
1055 1096 1091 1162 δὲ
1112 1091 1287 1183 γενήσεται,
1324 1089 1403 1161 τού-

304 1229 369 1273 νεον
396 1199 417 1292 ἢ
449 1204 624 1286 ἐπιπνοίας
657 1207 831 1293 λεχθείσης
876 1232 944 1272 των
968 1201 1102 1272 πάντων
1124 1202 1318 1290 νομοθέτης,
1350 1199 1402 1269 λίσ-
1452 1252 1455 1257 -

302 1315 404 1395 θεῶν,
438 1313 611 1394 πείσαντες
642 1314 678 1381 δὲ
710 1315 831 1396 θυσίας
877 1340 927 1393 τις
958 1318 1034 1381 νοῦν
1071 1314 1221 1400 κέκτηται
1255 1312 1308 1378 καί
1346 1308 1403 1377 τὸν

302 1424 449 1503 τελεταῖς
463 1423 661 1508 ξυμμίκτους
678 1420 830 1511 κατεστη-
877 1418 1088 1554 βραχύτατον,
1118 1413 1241 1491 οίποτε
1263 1419 1308 1512 μὴ
1330 1424 1404 1487 τολ-

303 1556 402 1600 σαντο
431 1528 498 1600 είτε
531 1524 726 1601 αυτόθεν
710 1559 831 1617 επιχω-
877 1529 965 1624 μήση
1000 1557 1145 1617 καινοτογ
1146 1533 1204 1598 ιῶν
1237 1530 1294 1597 ἐπὶ
1323 1535 1404 1596 θεο-

304 1643 396 1727 ρίους
431 1638 489 1710 εἴτ’
535 1630 597 1710 οὖν
636 1640 832 1733 Τυρρηνικὰς
879 1639 1064 1727 σε’βειαν,
1051 1637 1121 1732 η’τις
1145 1637 1189 1730 μὴ
1211 1665 1315 1729 σαφες
1337 1635 1404 1720 ἔχει

303 1747 592 1837 είτεΚυπρίαςείτ’
598 1744 832 1820 ίίλλοθενὸθε-
878 1780 920 1834 τι,
943 1754 1065 1839 τρέψαι
1083 1746 1213 1817 πόλιν“
1200 1752 1328 1816 εαυτοῦ·
1350 1747 1405 1812 καί

304 1864 389 1942 νοῦν,
406 1862 614 1947 καθιέρωσαν
629 1861 665 1929 δὲ
679 1866 750 1941 τοῖς
764 1888 833 1929 τοι·
879 1860 946 1949 μην
969 1855 1037 1928 οὐδ’
1070 1846 1115 1926 ῶν
1147 1861 1164 1926 ὁ
1194 1853 1333 1944 πάτριος
1356 1849 1407 1921 νό-

306 1966 420 2050 ούτοις
442 1966 551 2056 λόγοις
579 1995 690 2058 φημας
720 1948 757 2038 τε
780 1972 833 2038 καί
879 1997 941 2057 μσς
956 1967 1064 2057 είρηκε
1085 1993 1163 2054 περι
1155 1968 1306 2035 θυσιῶν
1321 1967 1405 2031 ἀπο-

304 2071 471 2166 ἀγάλματα
511 2081 566 2145 καί
604 2076 737 2171 βωμοὺς
779 2080 834 2146 καὶ
879 2077 1079 2148 κωλύσει..

306 2184 411 2268 ναούς,
427 2189 542 2275 τεμένη
553 2213 589 2255 τε
601 2184 727 2255 τούτων
738 2185 831 2256 εκάσ-
855 2201 861 2292 γ

304 2321 375 2376 τοις
387 2295 581 2382 ἐτεμένισαν·
596 2293 723 2365 τούτων
737 2323 832 2382 νομο-

305 2407 390 2495 θέτῃ
401 2404 439 2474 τὸ
452 2402 669 2492 σμικρότατον
679 2403 834 2474 ἁπάντων

307 2507 401 2584 οὐδὲν
421 2518 576 2603 κινητέον.

406 2627 531 2707 Quibus
554 2627 679 2694 duobus
711 2628 802 2711 locis,
834 2633 870 2692 ut
899 2627 1069 2693 eonsilium
1102 2623 1189 2689 idem
1220 2641 1291 2688 esse
1319 2616 1407 2683 haud

312 2736 411 2805 dubie
426 2737 594 2822 concedes²
617 2737 664 2802 ita
678 2735 838 2802 eandem
854 2755 982 2819 quoque
1000 2736 1057 2801 vix
1072 2735 1194 2819 poteris
1215 2753 1279 2798 uon
1294 2749 1407 2815 agnos-

307 2866 381 2913 cere
402 2867 557 2912 manum
571 2845 604 2928 ι).

408 2956 482 3021 Jam
508 2975 584 3020 vero
617 2974 712 3038 spere
744 2954 812 3019 lore
839 2954 1061 3038 unusquisque
1087 2955 1160 3018 ut
1151 2975 1185 3018 m
1186 2953 1319 3035 ttellega
1344 2971 1409 3017 uon

305 3064 540 3131 librariorum
532 3065 658 3130 meuria
671 3064 863 3147 mendisque
885 3062 1033 3130 codicum
1056 3068 1153 3147 caput
1174 3082 1314 3127 nouum
1336 3079 1406 3126 esse

309 3136 418 3239 turbat
405 3178 473 3238 tum
502 3172 731 3256 emendarique
762 3192 857 3254 posse
890 3174 1037 3257 sagacia
1017 3178 1070 3238 ate
1097 3172 1290 3239 coniectant'
1281 3191 1319 3254 us,
1352 3168 1410 3236 sed

310 3284 394 3349 vitia
414 3281 548 3348 fluxisse
564 3302 605 3348 ex
628 3283 701 3367 ipsa
721 3282 799 3347 libri
821 3283 956 3365 origine
983 3282 1133 3349 Scilicet
1120 3282 1290 3347 toontinet
1312 3284 1408 3364 caput

310 3392 371 3458 hoo
414 3392 596 3475 fragmenta
634 3391 804 3456 Platonica
836 3391 1016 3475 compluria
1046 3391 1130 3456 male
1163 3409 1203 3455 ea
1232 3390 1411 3472 composita

309 3502 477 3584 mixtaque
507 3501 575 3565 suis
598 3500 640 3565 ab
662 3501 803 3578 editore3
835 3501 1019 3583 frustraque
1041 3499 1209 3565 conaberis
1232 3518 1410 3564 sermonem

310 3629 422 3676 verum
443 3608 646 3685 Platonicum
666 3610 837 3675 restituere
859 3608 902 3673 ad
924 3610 1093 3692 integrum.

411 3709 627 3783 Promiseram
649 3719 747 3785 etiam
773 3716 814 3783 de
836 3719 943 3803 eapite
965 3714 1045 3782 XVI
1076 3737 1130 3783 me
1160 3736 1232 3782 esse
1253 3721 1408 3782 acturum.

413 3892 440 3962 1)
460 3892 535 3947 Haeo
553 3892 728 3962 scripseram,
751 3908 815 3946 cum
833 3907 877 3944 me
895 3891 1005 3945 monuit
1023 3889 1167 3954 Usenerus,
1186 3889 1304 3944 eundem
1321 3888 1407 3943 inter·

311 3988 467 4058 pelatorem
484 3988 547 4044 colo
558 3989 611 4043 hoc
629 3985 711 4042 ταατὰ
731 3988 757 4041 δ’
772 3988 847 4059 ἔχειν
865 3980 1036 4059 διανοήματα
1053 3990 1098 4040 καὶ
1111 3990 1175 4057 περὶ
1188 3983 1250 4045 τοὺς
1261 3987 1410 4057 ἐγχωρίους

312 4077 393 4144 θεούς
410 4102 438 4139 τε
456 4080 516 4155 ἅμα
534 4088 579 4138 καὶ
602 4085 745 4156 δαίμονας,
768 4084 856 4154 (740⁸)
873 4100 993 4150 curasse,
1013 4082 1145 4138 lectorem
1161 4086 1193 4136 ut
1211 4081 1332 4153 scriptor
1350 4081 1410 4153 ipae

292 4175 350 4236 'ad
377 4181 470 4236 locum
499 4180 579 4235 illum
605 4180 829 4250 superstitiosum
855 4179 955 4234 'titel-⁰
982 4179 1127 4234 remittere
1156 4195 1242 4249 eaque
1261 4182 1411 4250 praecepta
1439 4158 1443 4167 ’

313 4279 391 4349 quasi
410 4277 519 4333 saneim
536 4277 646 4335 videret
633 4282 689 4335 t.ur

277 4488 1133 4878 (D3
