3320 4904
827 356 975 421 10¹

298 528 349 596 δεῖ
370 530 595 615 διακρίνεσθαί
614 557 686 599 τινα
707 529 834 618 τρόπον
865 530 966 625 ταύτῃ
992 537 1050 623 καίΧ
1071 533 1149 617 τούς
1176 541 1296 627 σμικρᾷ
1318 561 1392 604 παι-

297 639 369 729 δείᾳ
389 643 648 723 βασανισθέντας
669 640 822 712 ἑκάστοτε
842 642 923 712 κατὰ
944 641 1050 732 λόγον.

365 746 369 753 ’
400 752 462 819 hoc
484 755 569 819 enim
591 754 685 821 docet
707 762 739 821 et
759 759 893 824 uerbum
909 755 1133 838 διακρίνεσθαι
1154 766 1187 826 et
1207 761 1392 828 Aristotelis

296 862 523 946 testimonium,
546 863 586 929 de
609 883 672 946 quo
695 867 803 931 statim
825 866 1071 949 disputabimus.
1109 868 1204 936 Certe
1223 870 1392 937 enimhoc

297 989 361 1034 non
392 976 499 1053 potest
530 973 643 1039 reierri
675 973 718 1039 ad
746 976 991 1058 magistratuum
1021 977 1193 1060 legumque
1228 997 1410 1063 compara.

296 1079 424 1144 tionem.
456 1081 530 1146 Jam
544 1100 621 1146 vero
647 1082 675 1147 si
692 1084 885 1167 quaerimus,
908 1084 988 1166 quid
1001 1083 1053 1151 his
1067 1086 1176 1152 verbis
1198 1106 1281 1171 quae
1296 1087 1391 1155 modo

296 1189 461 1255 attulimus
476 1192 683 1275 exprimatur,
702 1193 730 1257 si
750 1192 901 1259 traditam
915 1194 1086 1260 lectionem
1107 1197 1280 1280 sequimur,
1298 1198 1393 1263 aliter

296 1298 396 1364 verba
423 1301 530 1383 accipi
551 1306 724 1384 nequeunt,
755 1321 851 1384 quarn
878 1304 924 1368 ita
944 1309 981 1369 ut
1002 1311 1206 1388 opponantur
1227 1307 1321 1387 quasi
1342 1306 1392 1372 di·

296 1408 383 1472 versi
416 1413 448 1473 et
480 1409 618 1473 summi
656 1411 865 1493 magistratus
898 1418 930 1476 et
963 1413 1145 1478 minores
1182 1414 1258 1496 „qui
1289 1434 1393 1497 parva

296 1514 476 1581 eruditione
498 1516 627 1599 probati
658 1513 750 1583 sint“.
795 1516 861 1583 Sed
886 1520 982 1584 aliter
1012 1519 1142 1585 uidetur
1162 1520 1353 1588 Aristoteles
1366 1519 1391 1604 ¹)

298 1622 379 1690 haec
411 1625 511 1690 verba
542 1626 749 1692 intellexisse.
793 1627 853 1692 Ille
885 1629 971 1693 enim
1003 1630 1081 1710 quin
1109 1635 1256 1695 nostrum·
1286 1631 1418 1696 locum

298 1735 487 1817 respexerit,
509 1754 573 1799 non
594 1741 702 1818 potest
722 1733 865 1800 dubitari
887 1755 960 1801 cum
981 1734 1062 1802 haec
1084 1738 1253 1803 scriberet:

402 1831 620 1907 Ἐλλέλαιπται
642 1839 677 1906 δὲ
697 1845 769 1918 τοῖς
786 1837 912 1924 Νόμοις
932 1838 1061 1919 τούτοις
1082 1843 1135 1909 καὶ
1156 1839 1197 1908 τὰ
1217 1844 1295 1925 περὶ
1315 1840 1393 1923 τούς

297 1936 463 2030 ἄρχοντας,
498 1942 592 2026 ὅπως
614 1944 744 2014 ἔσονται
766 1947 977 2035 διαφέροντες
996 1950 1063 2014 τῶν
1085 1942 1282 2033 ἀρχομένων·
1311 1951 1393 2039 φησὶ

297 2050 356 2139 γὰρ
378 2055 456 2140 δεῖν,
489 2050 603 2139 ὥσπερ
632 2054 669 2137 ἐξ
689 2052 801 2140 ἑτέρον
827 2051 867 2121 τό
888 2051 1063 2142 στημόνιον
1085 2057 1173 2141 ἕριόο
1194 2057 1314 2142 γίνεται
1334 2059 1393 2146 τῆς

298 2159 425 2250 κρόκης,
448 2159 538 2231 οὕτω
560 2164 614 2231 καὶ
634 2160 711 2242 τούς
728 2154 887 2249 ἄρχοντας
907 2160 993 2247 ἔχειν
1009 2166 1078 2232 δεῖν
1098 2162 1185 2251 τιρός
1201 2164 1279 2246 τούς
1295 2159 1393 2252 ἄρχο-

297 2273 424 2357 μένους.

403 2399 469 2467 Sed
495 2402 635 2485 primum
657 2420 828 2467 caueamus
853 2421 894 2467 ne
918 2401 1051 2467 nimiam
1074 2401 1296 2466 auctoritatem
1317 2399 1393 2466 huic

297 2511 481 2576 testimonio
508 2508 739 2576 adtribuamus.
782 2499 872 2575 Haec
897 2510 982 2574 enim
1003 2508 1187 2575 observatio
1208 2508 1391 2575 Aristotelis

298 2618 446 2702 duaeque
467 2620 553 2684 aliae
574 2620 658 2684 inter
684 2638 719 2684 se
740 2639 805 2683 non
826 2617 1036 2684 cohaerentes
1058 2616 1206 2701 (quarum
1227 2618 1329 2682 altera
1350 2616 1392 2683 de

298 2729 346 2794 rei
368 2710 537 2793 familiaris
565 2729 701 2794 termino
723 2727 849 2792 civibus
870 2726 1047 2792 Platonicis
1080 2745 1262 2809 concessae,
1290 2727 1393 2791 altera

298 2836 339 2902 de
361 2835 487 2902 duobus
513 2856 624 2902 eorum
645 2835 840 2903 habitaculis
862 2831 923 2918 est)
952 2835 999 2900 ita
1023 2836 1164 2901 insertae
1186 2840 1260 2900 sunt
1281 2832 1392 2917 dispu-

298 2945 413 3010 tationi
435 2946 505 3011 eius
524 2944 565 3010 de
579 2944 706 3027 legibus
723 2944 910 3026 Platonicis,
931 2949 967 3008 ut
990 2944 1224 3026 interrumpunt
1238 2940 1391 3024 quodam·

297 3053 393 3119 modo
415 3054 600 3119 continuum
622 3072 809 3118 sermonem.
852 3052 936 3116 Nam
966 3071 1037 3117 cum
1065 3052 1111 3116 ita
1140 3050 1392 3134 disputationem

299 3181 391 3227 suam
412 3162 587 3226 instituerit
600 3160 790 3227 Aristoteles
802 3161 838 3244 ²),
860 3166 895 3225 ut
916 3161 1054 3244 primum
1075 3157 1116 3225 de
1136 3159 1307 3243 principiis
1323 3159 1392 3225 sive

298 3267 505 3334 fundamento
537 3269 688 3350 civitatis,
722 3267 876 3352 (—1265·
898 3264 952 3346 28)
985 3265 1103 3333 deinde
1125 3266 1165 3333 de
1187 3267 1392 3349 possessione

299 3375 454 3459 (-1265¹>
479 3381 541 3458 17),
569 3376 709 3459 denique
732 3376 773 3442 de
794 3375 1070 3442 administrandae
1099 3376 1148 3440 rei
1168 3374 1320 3458 publicae
1342 3394 1391 3439 ra

299 3485 387 3551 tione
419 3485 518 3551 ubere
540 3491 572 3551 et
598 3490 755 3569 perpetuo
785 3503 932 3550 sermone
963 3485 1148 3567 loqueretur
1184 3480 1297 3567 (1265b
1309 3484 1390 3546 26-

302 3596 400 3657 1266·
436 3590 500 3677 30),
541 3594 605 3658 tria
646 3593 703 3658 illa
746 3594 869 3658 monita
914 3612 978 3657 non
1017 3596 1096 3673 arte,
1139 3589 1197 3657 sed
1229 3592 1324 3674 quasi
1344 3592 1389 3657 le·
1488 3613 1491 3624 ·

298 3703 405 3768 viores
426 3700 710 3767 adnotatiunculae
741 3699 892 3766 uidentur
923 3699 1096 3766 adiunctae
1123 3719 1204 3766 esse.
1246 3699 1390 3782 Accedit,

299 3807 387 3893 quod
400 3829 442 3875 ne
456 3811 560 3876 altera
577 3807 709 3894 quidem
719 3809 884 3875 sententia
904 3813 1054 3875 accurate
1068 3808 1213 3874 Platonis
1227 3808 1327 3874 verba
1341 3829 1391 3875 re-

297 3918 369 4002 lert,
402 3920 458 4003 qui
496 3915 538 4002 (V
560 3914 651 4001 7440)
684 3916 900 4002 quadruplum
928 3917 1086 4000 permittit
1106 3917 1233 3983 civibus
1262 3915 1390 3982 minimi

401 4141 426 4211 ι)
444 4140 502 4197 1³01.
520 4140 543 4195 Β
560 4139 598 4198 uu
617 4158 646 4210 p.
666 4140 749 4194 roco
769 4142 808 4195 rs.

397 4239 425 4303 a)
444 4236 467 4290 Β
484 4234 522 4291 uu
538 4253 566 4306 p.
587 4234 660 4290 recu
692 4236 737 4292 as.
