3312 4906
799 341 841 402 40

272 546 338 590 non
359 524 546 608 puniuntur,
569 521 627 588 sed
642 522 833 588 erudiuntur
854 526 979 585 tanturn
993 525 1026 586 et
1038 526 1196 604 coguntur
1210 527 1246 588 ut
1260 522 1371 587 melio·

272 653 323 699 res
336 632 415 698 fiant
437 630 546 716 (scadz
563 625 581 696 δ
595 623 696 713 νόμος
704 620 802 694 odada
813 623 938 710 διδάξει
952 627 1006 693 καὶ
1020 621 1192 714 ἀναγκάσει
1211 624 1250 694 τδ
1269 623 1372 711 napol-

272 762 339 804 παν
353 737 504 818 εἰσαῦθις
522 735 561 805 cd
573 746 724 805 τοιοῦτον
744 732 768 822 ἢ
788 736 953 824 μηδέποτε
965 733 1080 804 ἑκόντα
1091 738 1250 824 τολμῆσαι
1262 720 1374 804 ποιεῖν

274 843 540 936 ἢδιαφερδντως
571 833 668 938 ἧττον
688 842 784 926 πολύ,
814 844 900 932 πρὸς
931 851 970 936 τῇ
999 855 1059 933 τῆς
1084 843 1207 933 βλάβης
1229 846 1372 929 ἐκτίσει).

276 958 367 1037 Quae
389 960 489 1043 igitur
513 961 608 1026 nobis
630 959 779 1025 divorsae
810 958 1004 1024 videbantur
1032 977 1210 1042 poenarum
1242 960 1372 1044 classes,

274 1089 338 1134 non
359 1089 535 1153 poenarum
548 1088 588 1134 ea
601 1089 636 1134 re
650 1088 729 1134 vera
743 1067 802 1134 sed
824 1067 1026 1137 educationis
1040 1069 1133 1132 varia
1152 1073 1226 1132 sunt
1244 1087 1373 1151 genera

372 1177 549 1243 Videamus
564 1178 664 1262 igitur
685 1197 778 1260 nunc,
794 1198 870 1242 num
888 1183 957 1242 tota
976 1175 1057 1242 haec
1072 1178 1219 1259 quaestio
1234 1178 1374 1259 potuerit

274 1288 411 1353 excitari
432 1288 540 1353 verbis
556 1288 852 1371 supramemoratis
878 1307 962 1369 quae
983 1286 1025 1352 de
1039 1287 1123 1351 iurto
1141 1292 1223 1352 sunt.
1247 1285 1373 1368 «Atque

273 1395 335 1461 hoc
349 1397 488 1480 primum
507 1396 680 1462 dicendum
699 1402 762 1462 est:
779 1396 815 1461 Si
831 1395 1015 1461 offendebat
1034 1395 1158 1461 Cliniae
1173 1398 1207 1461 in
1222 1395 1373 1479 eo‚·,quod

272 1503 480 1571 Atheniensis
502 1506 640 1572 alicuius
663 1505 774 1571 delicti
796 1525 894 1570 unam
915 1525 1042 1589 semper
1070 1505 1271 1588 eandemque
1299 1525 1373 1571 oon·

275 1616 423 1681 stituerat
442 1635 588 1698 poenam,
611 1615 751 1681 debebat
766 1613 848 1680 haec
863 1635 933 1681 esse
955 1635 1007 1680 res
1023 1615 1182 1698 capitalis.
1217 1615 1317 1699 Atqui
1332 1615 1373 1681 de
1436 1670 1439 1683 ,

276 1743 315 1790 ca
335 1744 418 1807 quae
440 1729 550 1790 nostro
572 1723 678 1807 (857⁶)
701 1725 772 1789 loco
788 1725 934 1809 praecipi
954 1723 1084 1790 videtur
1097 1744 1203 1807 aequa
1217 1724 1374 1808 puniendi

274 1833 399 1898 ratione
427 1832 462 1898 id
491 1839 577 1898 certe
607 1834 715 1916 inepte
743 1832 865 1898 dictum
898 1838 955 1914 est,
983 1832 1070 1915 quod
1102 1833 1226 1899 Glinins
1258 1834 1372 1899 obicit:

275 1938 374 2024 μηδὲν
400 1939 568 2026 διαφέρειν
599 1940 647 2025 τῷ
667 1938 841 2004 κλέπτοντι
868 1939 950 2022 μέγα
972 1934 993 2028 ἢ
1014 1935 1151 2023 σμικρὰν
1179 1935 1373 2027 ὑφελομένῳ

276 2054 309 2115 et
330 2068 360 2132 q.
382 2069 407 2115 s.
438 2051 598 2117 Diversae
612 2051 698 2115 enim
722 2056 905 2116 statuuntur
919 2069 1043 2134 poenae
1059 2050 1235 2117 secundum
1249 2052 1372 2135 magni·
1478 2040 1483 2049 ’

275 2158 421 2224 tudinem
445 2159 582 2242 peccati,
617 2160 647 2225 si
670 2159 901 2225 condemnatus
924 2160 1051 2243 cogitur
1076 2166 1113 2226 ut
1141 2160 1275 2245 duplum
1296 2161 1374 2226 lusti

276 2269 389 2333 solvat.
432 2267 499 2333 Sed
512 2289 553 2334 ne
568 2270 727 2335 rationem
749 2268 882 2351 quidem
902 2270 1107 2353 aequabilem
1130 2274 1270 2335 statuere
1284 2270 1374 2335 volu-

276 2377 341 2442 isse
364 2378 552 2461 scriptorem
570 2378 727 2462 puniendi
746 2379 823 2444 lurti
839 2380 914 2441 933Θ
927 2398 974 2460 sq.
998 2383 1030 2443 et
1051 2376 1129 2442 941b
1144 2398 1190 2461 sq.
1213 2377 1374 2461 docemur,

277 2484 318 2551 de
331 2486 448 2568 quibus
459 2486 540 2552 locis
553 2487 748 2572 explicatius
763 2486 899 2572 posthac
914 2487 1048 2553 dicetur.
1079 2487 1215 2552 Variant
1226 2488 1321 2571 enim,
1339 2493 1376 2552 ut

275 2593 476 2677 videbamus,
499 2596 596 2661 etiam
628 2596 662 2662 in
687 2595 749 2662 hac
770 2597 939 2662 Platonica
964 2597 1096 2662 civitate
1119 2616 1229 2662 omnes
1250 2616 1374 2681 poenae

277 2723 399 2769 summo
422 2705 582 2788 supplicio
603 2707 753 2771 minores.
782 2705 1007 2787 Aequabilitas
1022 2710 1130 2771 autem
1145 2706 1203 2770 illa
1217 2704 1374 2790 puniendi

276 2812 496 2878 tantummodo
512 2814 546 2878 in
560 2813 689 2879 delictis
705 2813 899 2896 capitalibus
914 2815 1063 2879 cernitur.
1086 2813 1204 2892 Quare
1220 2815 1297 2897 quia
1310 2814 1374 2878 lur-

276 2926 344 2986 tum
365 2941 429 2985 non
444 2927 494 2987 est
509 2942 609 2986 causa
631 2920 791 3005 capitalis,
814 2941 920 3004 neque
943 2921 1151 2989 Atheniensis
1172 2923 1376 3005 aequabilem

277 3029 347 3094 eius
369 3050 508 3114 poenam
539 3030 644 3113 potuit
658 3029 787 3125 ‘fingere
808 3048 914 3112 neque
938 3029 1062 3096 Clinias
1086 3033 1119 3096 in
1142 3052 1181 3097 ea
1203 3031 1375 3097 offendere.

277 3137 391 3220 Itaque
417 3139 445 3203 si
475 3137 661 3203 offendebat
694 3137 834 3203 Cliniam
855 3158 1032 3221 poenarum
1065 3140 1291 3223 aequabilitas,
1324 3159 1372 3205 re·

278 3246 543 3330 spexissedebet
563 3265 720 3328 poenas
743 3247 956 3329 capitales.

376 3355 541 3420 Hactenus
569 3354 711 3439 experiri
744 3354 914 3436 voluimus,
949 3374 1012 3437 quo
1045 3354 1312 3438 progrederemur
1342 3357 1376 3421 in

278 3462 339 3530 hac
360 3462 550 3528 difficultate
570 3463 648 3528 solis
670 3461 879 3527 interioribus
894 3460 1051 3528 adhibitis
1065 3465 1271 3545 argumentis.
1304 3465 1377 3543 Qua

278 3593 313 3639 re
334 3593 420 3638 nunc
440 3574 468 3637 si
487 3571 609 3637 diffidis
630 3570 708 3637 huic
730 3569 971 3635 ratiocinationi
990 3590 1092 3652 meae,
1113 3571 1270 3637 accedant
1291 3574 1376 3639 aliae

279 3700 407 3763 causae,
430 3699 513 3763 quae
534 3682 588 3746 vel
610 3681 699 3746 solae
722 3678 939 3762 suspicionem
963 3680 1129 3763 compagis
1150 3680 1259 3747 aliena
1279 3703 1375 3747 manu

278 3777 384 3855 iactae
406 3795 636 3855 commoveant.

379 3897 522 3963 Primum
544 3898 630 3963 enim
655 3898 793 3981 quisque
815 3896 885 3961 sine
905 3894 1126 3962 admonitione
1152 3902 1263 3962 nostra
1278 3897 1376 3964 'intel-

219 4106 231 4115 „
279 4041 442 4119 αδνόμος
458 4052 588 4102 κείσθω
611 4052 665 4102 καὶ
691 4051 753 4118 μία
784 4047 877 4112 δίκης
903 4049 1047 4115 τιμωρία
1068 4039 1219 4116 &ripaeos
1238 4044 1272 4098 cl.
1293 4044 1376 4098 etiam

282 4146 356 4199 884⁸.
385 4143 481 4196 Actius
496 4144 671 4201 coniecerat:
693 4138 816 4198 θάνατον
827 4143 890 4211 (pro
908 4143 953 4194 καὶ
970 4136 1071 4212 νόμον)
1084 4143 1114 4195 et
1124 4145 1208 4195 τίνειν
1225 4140 1286 4210 (pro
1295 4134 1375 4208 τινά),

278 4238 522 4294 winkelmannus:
545 4241 624 4308 δίκην
643 4234 761 4294 τούτοισι
779 4233 1003 4311 κατανομοδήσει
1020 4231 1088 4292 τινά.
