3312 4906
831 365 872 426 44

306 552 474 639 imputare,
497 554 525 618 si
548 553 631 620 inter
654 572 690 618 se
724 551 989 638 oomparaverint,
1020 547 1181 633 quidquid
1214 549 1289 615 aliis
1322 548 1403 617 loeis

306 663 348 730 de
370 663 455 729 iurto
475 664 516 730 ab
538 683 576 730 eo
600 666 635 730 in
654 662 781 746 legibus
804 663 1039 748 praescriptum
1060 667 1119 726 est.
1283 657 1285 661 ’

404 774 496 840 Duas
515 776 602 841 enim
620 774 776 842 habemus
804 776 883 841 satis
905 773 1130 839 memorabiles
1161 770 1202 836 de
1226 771 1312 837 lnrto
1334 772 1403 837 sive

307 883 507 950 olandestino
530 885 599 950 sive
620 886 762 951 violento
783 884 1031 969 disputationes,
1053 902 1189 965 quarum
1211 883 1315 947 altera
1337 881 1401 966 pri·

305 998 383 1058 vata
403 999 527 1058 tantum
548 993 675 1075 damna,
697 994 800 1060 altera
825 993 957 1077 publiea
983 993 1146 1075 respicere
1167 989 1305 1056 videtur.
1348 989 1403 1055 A·

306 1121 370 1184 que
392 1103 427 1167 in
447 1104 555 1186 priore
575 1109 640 1168 tres
655 1103 719 1168 looi
734 1101 949 1168 dooernuntur
963 1099 1008 1183 hi,
1030 1106 1065 1166 ut
1079 1098 1232 1165 damnum
1246 1100 1403 1165 resarcia-

306 1215 367 1292 tur,
397 1217 432 1276 ut
466 1205 589 1275 ἔκτισιν
618 1212 781 1295 quandam
814 1213 917 1278 solvat
938 1209 1322 1276 violato‘oondemnatus
1344 1229 1403 1294 pro

306 1319 383 1385 turti
406 1319 638 1405 magnitudine,
661 1327 697 1387 ut
717 1342 824 1405 poena
843 1321 955 1403 aliqua
975 1318 1137 1385 afficiatur
1157 1310 1406 1401 σωφρονιστύος

307 1421 408 1505 ἕνεκα,
440 1430 555 1496 melior
586 1436 621 1495 ut
641 1428 706 1494 fiat.
748 1429 823 1494 Non
855 1427 1055 1494 tolerandam
1088 1428 1174 1493 enim
1203 1425 1404 1493 Susemihlus

306 1534 383 1602 huie
405 1538 475 1603 looo
497 1537 593 1603 inient
613 1537 825 1625 tautologiam
847 1530 937 1618 παρὰ
958 1529 1066 1599 πάντα
1090 1533 1127 1598 δέ
1147 1536 1193 1600 ita
1215 1535 1405 1617 interpreta-

307 1652 359 1712 tus
387 1647 465 1729 „mit
491 1648 596 1713 einern
611 1644 750 1713 Worte“.
803 1646 941 1711 Planum
973 1650 1023 1711 est
1055 1645 1141 1709 enim
1172 1644 1281 1709 verbis
1315 1637 1406 1725 παρὰ

307 1747 415 1818 πάντα
429 1751 465 1818 δέ
485 1755 612 1837 aliquid
627 1757 702 1820 novi
719 1755 843 1838 induoi3
863 1757 953 1838 legas
969 1756 1058 1818 9330:
1080 1746 1142 1816 ὅσα
1162 1773 1212 1828 τις
1233 1744 1272 1814 do
1292 1748 1406 1835 ἕτερον

306 1850 406 1927 άλλον
425 1856 557 1950 πημήνῃ
580 1859 730 1926 κλέπτων
751 1855 772 1949 ἢ
792 1856 994 1944 βιαζόμενος,
1017 1853 1057 1923 dv
1078 1858 1138 1942 μέν
1158 1857 1259 1941 μείζω
1271 1861 1303 1940 ¹),
1334 1857 1406 1941 μεί-

308 1970 384 2051 ζονα
404 1964 462 2058 την
486 1966 608 2036 ἔκτισιν
636 1971 684 2055 τῷ
714 1969 921 2054 πημανθέντι
952 1967 1076 2046 τινέτω,
1109 1962 1232 2033 ἐλάττω
1263 1966 1300 2032 δέ
1331 1963 1406 2056 δῆἳ)

308 2072 471 2164 ζημιώσας
491 2076 714 2162 σμικροτέραν,
744 2075 834 2162 παρὰ
857 2071 965 2142 πάντα
986 2076 1023 2142 δέ
1047 2071 1211 2163 τοσαύτην
1239 2071 1333 2164 ἡλίκα
1363 2070 1406 2142 dv

307 2182 461 2254 ἑκάστοτε
484 2182 628 2276 ζημιώσῃ
649 2186 699 2266 τίς
719 2210 799 2265 τινα,
826 2187 984 2271 μέχριπερ
1007 2179 1052 2252 dv
1071 2183 1200 2272 ἰάσηται
1224 2181 1263 2250 τὸ
1277 2183 1404 2267 βλαβέν·

308 2297 399 2383 δίκην
420 2297 456 2363 δέ
487 2295 623 2375 ἕκαστος
653 2292 739 2381 πρὸς
772 2292 897 2383 έκάστηι
919 2300 967 2382 τῷ
999 2289 1239 2384 κακουργήματι
1272 2317 1406 2380 σωφρο-

307 2400 441 2485 νιστύος
460 2404 553 2472 ἕνεκα
571 2404 790 2492 ξονεωομένην
818 2399 1068 2490 ωροσεκτισάτω
1098 2406 1119 2470 i.
1142 2425 1168 2471 e.
1199 2404 1272 2488 „bei
1299 2398 1405 2469 dllem

307 2518 387 2583 aber
398 2518 434 2598 ³),
455 2518 490 2582 in
506 2516 618 2601 jedem
631 2517 705 2581 Fall
724 2516 802 2582 aber
819 2517 921 2582 soviel
937 2565 944 2580 .
961 2565 968 2579 .
985 2512 1012 2579 .“
1036 2514 1127 2580 Idem
1140 2514 1243 2579 voluit
1254 2513 1404 2579 Fioinus:

309 2630 360 2710 „et
380 2627 415 2690 in
434 2627 582 2692 omnibus
603 2632 728 2692 tantum
749 2623 891 2692 reddat‘.

407 2734 520 2800 Altera
540 2733 658 2801 deinde
677 2733 718 2801 de
739 2733 801 2800 hae
823 2755 857 2801 re
879 2733 1056 2820 disputatio
1081 2728 1225 2812 (lidii-⁶)
1240 2733 1405 2815 prooemio

308 2843 450 2925 quodam
471 2841 642 2925 inducitur,
666 2862 730 2924 quo
752 2842 793 2908 de
814 2842 898 2907 iurto
913 2847 1011 2924 atque
1035 2840 1151 2923 rapina
1165 2840 1199 2903 in
1218 2840 1404 2905 universum

308 2952 409 3017 verba
430 2950 520 3034 fiunt,
552 2953 599 3017 ita
629 2957 666 3017 ut
687 2951 774 3018 idem
796 2952 879 3018 bene
914 2952 1019 3017 etiam.
1044 2950 1162 3035 prioris
1194 2949 1405 3035 expositionis

308 3060 506 3144 prooemium
529 3079 600 3126 esse
623 3062 735 3145 possit.
779 3059 907 3127 Deinde
928 3078 1005 3125 vero
1028 3058 1152 3142 publioi
1176 3057 1255 3123 inrti
1282 3076 1405 3140 poenae

310 3168 546 3233 constituuntur
568 3169 779 3252 gravissimae
807 3189 865 3233 eae
885 3168 1022 3233 civibus.
1065 3167 1149 3232 Nam
1171 3186 1245 3231 oum
1267 3165 1352 3231 servi
1374 3169 1406 3230 et

309 3274 472 3359 peregrini
500 3276 593 3340 varia
624 3281 721 3358 atque
752 3277 876 3341 leniore
907 3276 1032 3339 ratione
1064 3274 1247 3358 puniantur,
1280 3273 1405 3350 uiribus

310 3383 419 3466 (quasi
446 3385 657 3468 nonpossint
690 3385 808 3465 sanari,
840 3384 898 3465 qui
931 3384 965 3446 in
991 3387 1081 3446 tanta
1113 3378 1294 3447 eruditione
1315 3385 1406 3446 tanta

309 3494 457 3575 peooent)
478 3512 577 3557 unum
597 3493 709 3557 mortis
733 3491 929 3575 supplioium
951 3488 1143 3554 decernitur.

408 3598 514 3682 Atque
534 3598 575 3665 de
597 3598 722 3665 duobus
743 3597 795 3663 his
822 3596 1059 3662 commentariis
1082 3596 1191 3660 statim
1214 3595 1405 3662 videbimus.

311 3708 405 3772 Nuno
421 3709 499 3773 satis
515 3709 557 3772 sit
572 3727 614 3773 ex
628 3707 675 3772 eis
691 3703 883 3771 oonoludere
896 3704 1064 3769 Platonem
1084 3703 1126 3770 de
1143 3703 1307 3789 puniendo
1321 3705 1406 3770 lurto

411 3891 438 3960 1)
456 3895 557 3962 μείζων
573 3891 607 3945 Α.

409 3987 439 4054 2)
458 3985 497 4041 sio
514 3984 688 4040 Hermannus
706 3984 743 4040 A:
761 3980 801 4057 μὴ
821 3976 963 4055 ζημιώσας.

411 4082 438 4149 3)
455 4081 533 4137 velut
549 4081 627 4136 Prot.
654 4081 722 4137 325ᾰ
746 4080 811 4151 παρ’
830 4078 946 4134 ἕκαστον
969 4083 1015 4133 καὶ
1038 4081 1121 4150 ἔργον
1142 4081 1188 4133 καὶ
1205 4072 1289 4148 λόγον
1307 4075 1406 4133 διδάσ-

312 4193 403 4237 κοντες
429 4180 474 4229 καὶ
500 4170 712 4249 ἐνδεικνύμενοι.
749 4177 807 4231 Pol.
836 4175 883 4241 IV,
909 4176 991 4230 424122
1019 4171 1096 4235 ὅπως
1121 4176 1159 4245 (ol
1184 4175 1344 4247 ἐπιμεληταὶ
1362 4175 1407 4242 τῆς

312 4267 427 4340 πόλεως)
447 4266 613 4340 neptuim
634 4268 700 4327 αὐτὸ
721 4267 883 4346 φυλάττωσι,
901 4269 932 4327 τὸ
948 4271 988 4344 μὴ
1006 4275 1219 4344 νεωτερίζειν...

446 4878 455 4881 ff
559 4602 1000 4881 ῆ-
