3312 4906
836 297 876 357 24

310 481 397 546 bello
430 498 599 546 concessos
623 459 778 559 'singulas
813 476 966 559 deinceps
999 477 1136 560 paginas
1168 477 1269 541 totius
1302 476 1410 559 cperIs

311 590 388 656 licet
419 588 625 672 perscrutari,
658 592 693 650 ut
725 585 966 668 interpretando
988 586 1156 650 Platonem
1189 584 1410 667 discernamus

312 705 345 764 et
359 698 555 781 Philippum.
598 696 709 761 Placet
724 697 823 779 igitur
838 717 879 761 ex
893 696 1001 778 amplo
1024 696 1263 777 insequentium
1286 714 1409 758 conexu

311 828 408 873 unam
430 806 524 888 quasi
538 805 707 870 materiam
729 805 866 870 solutam
881 810 913 869 et
935 823 994 888 per
1009 824 1044 869 sc
1059 805 1198 887 positam
1213 803 1408 885 examinare,

311 937 389 982 num
411 921 540 980 strenue
562 919 660 996 atque
682 908 864 978 constanter
886 934 906 977 a
929 914 1084 997 scriptore
1107 913 1292 995 excogitata
1314 913 1356 975 sit
1377 916 1410 975 et

311 1025 483 1109 explicata.
525 1023 691 1105 Eligamus
715 1024 814 1106 igitur
842 1041 909 1086 rem
936 1021 1150 1103 iudiciariam,
1184 1041 1268 1104 quae
1290 1019 1408 1084 indea

311 1134 395 1199 libro
418 1137 510 1197 sexto
533 1152 591 1214 per
613 1150 723 1195 omnes
745 1136 915 1213 sequentes
938 1131 1039 1195 libros
1061 1131 1185 1215 passim
1207 1131 1407 1214 explanatur.

414 1239 522 1318 Quare
554 1240 729 1323 separatim
760 1240 899 1322 prImum
921 1239 1094 1305 dicendum
1123 1240 1184 1304 erit
1205 1238 1247 1303 de
1269 1239 1344 1303 libri
1364 1238 1411 1302 VI

312 1351 419 1434 capite
440 1349 534 1431 XIII,
567 1347 655 1430 quod
683 1349 913 1431 interpretibus
948 1349 1067 1432 optime
1089 1349 1261 1413 videbatur
1283 1368 1408 1430 compc-

313 1459 410 1524 situm
450 1476 530 1524 esse.
571 1457 669 1555 'Unus
704 1457 815 1522 Astius
841 1458 1096 1542 persentiscebat
1129 1458 1236 1522 inesse
1268 1457 1411 1538 aliquam

317 1567 473 1633 offensam
495 1569 529 1633 in
555 1568 659 1648 initio,
681 1587 754 1631 cum
776 1566 856 1632 haec
879 1567 1033 1632 scriberet
1056 1564 1100 1652 (p.
1123 1567 1211 1648 suot:
1243 1565 1414 1649 „Ceterum

304 1682 398 1766 'totus
420 1675 475 1741 hic
503 1678 593 1742 locus
615 1698 636 1740 a
656 1677 764 1742 verbis
791 1675 884 1740 πᾶσα
905 1675 941 1740 δὲ
963 1669 1070 1762 δήπου
1092 1670 1190 1752 πόλις
1211 1676 1255 1747 ad
1275 1677 1315 1762 τῇ
1337 1673 1410 1760 δίκῃ

313 1806 386 1852 cum
408 1787 618 1870 praegressis,
640 1785 697 1850 ubi
719 1785 759 1850 de
775 1787 1021 1869 magistratuum
1043 1787 1205 1851 creatione
1228 1785 1410 1868 exponitur,

314 1915 379 1961 ncn
399 1895 481 1960 bene
508 1894 667 1960 cohaeret.
711 1895 844 1960 Scilicet
877 1895 1048 1960 obscurata
1074 1895 1215 1977 quodam
1239 1894 1334 1958 mcdc
1363 1899 1412 1958 cst

316 2004 471 2069 orationis
499 2004 698 2069 continuatio
728 2023 776 2086 eo,
810 2003 897 2086 quod
919 2004 1057 2087 scriptor
1090 2006 1124 2068 in
1151 2005 1337 2069 universum
1370 2003 1410 2067 de
1458 2048 1461 2053 «

317 2112 447 2179 iudiciis
464 2114 554 2195 loqui
577 2114 700 2197 incipit.
744 2114 885 2179 Itaverc
901 2113 985 2196 quae
1011 2119 1188 2196 sequuntur
1209 2114 1412 2197 praegressis
1512 2180 1516 2189 ,

316 2221 435 2287 subiici
457 2221 632 2288 debebant:
662 2223 828 2306 »Denique
851 2225 957 2303 etiam,
980 2223 1139 2305 qucmcdc
1163 2223 1297 2304 iudices,
1330 2241 1411 2304 quos

314 2351 373 2415 pro
398 2333 643 2414 magistratibus
669 2332 809 2415 quodam
835 2334 931 2399 modo
952 2333 1073 2398 habere
1095 2352 1275 2417 possumus,
1308 2332 1410 2397 creari

315 2443 471 2522 oporteat,
493 2436 719 2525 exponendum
740 2439 838 2507 est«.“

417 2547 551 2612 Rectum
583 2547 666 2613 vidit
693 2548 788 2613 hcmo
821 2550 1069 2630 oculatissimus,
1102 2549 1160 2613 sed
1187 2550 1220 2613 in
1253 2550 1415 2631 penitiora

316 2676 381 2721 ncn
392 2658 582 2739 penetravit.
604 2658 694 2723 Haec
706 2659 791 2722 enim
806 2678 858 2723 res
869 2663 926 2751 est.
950 2657 1030 2722 Cum
1046 2657 1086 2722 de
1101 2659 1413 2741 magistratibus

319 2766 353 2829 in
374 2764 435 2829 hac
451 2766 559 2849 operis
581 2771 674 2848 parte
696 2772 820 2850 agatur,
843 2768 959 2831 mirum
982 2772 1032 2831 est
1053 2766 1159 2832 subito
1182 2766 1335 2832 iudices
1357 2787 1408 2832 oc-

317 2891 453 2938 currere.
508 2872 571 2950 uui
604 2893 660 2938 cur
691 2873 845 2939 hocloco
872 2874 1095 2940 describantur
1127 2881 1159 2940 et
1191 2895 1251 2940 nos
1283 2895 1413 2940 causam

319 2981 519 3064 postulamus
542 2986 574 3047 et
600 2982 694 3046 Plato
725 2981 953 3065 postulandum
975 3003 1046 3048 esse
1069 2984 1193 3049 sciebat
1227 3005 1300 3050 cum
1331 2983 1412 3050 haec

319 3089 475 3156 scriberet
490 3091 611 3171 (767⁶):
629 3082 755 3174 τρόπον
766 3084 803 3179 δή
818 3113 890 3156 τινα
906 3090 1036 3156 καὶτῶν
1047 3091 1262 3178 δικαστηρίων
1273 3086 1307 3155 αἱ
1319 3115 1414 3156 κατα-

315 3191 447 3274 στάσεις
479 3188 645 3281 ἀρχόντων
678 3194 759 3263 εἰσὶν
787 3193 935 3283 αἱρέσεις·
968 3195 1080 3266 πάντα
1109 3199 1168 3285 μέν
1193 3196 1251 3286 γὰρ
1274 3191 1414 3285 ἄρχοντα

318 3292 497 3391 ἀναγκαῖονΙ
513 3305 568 3371 καὶ
589 3303 744 3391 δικαστήν
765 3299 849 3373 εἶναι’
869 3332 975 3390 τινων,
1000 3307 1152 3396 δικαστὴς
1173 3311 1209 3376 δέ
1231 3301 1290 3376 αόκ
1308 3300 1416 3395 ἅρχων

212 3483 216 3490 ,
315 3413 370 3480 καί
400 3438 472 3481 τινα
493 3411 619 3500 τρόπον
641 3405 752 3500 ἷέρχων
783 3409 822 3483 ου’
844 3414 931 3485 πάνυ
953 3421 1079 3507 φαῦλος
1100 3419 1238 3504 γίγνεται
1258 3418 1316 3505 τήν
1337 3413 1412 3484 τόθ’

316 3519 445 3614 ἡμέραν,
476 3509 561 3613 ᾗπερ
583 3518 623 3589 dv
645 3523 762 3609 κρίνων
783 3521 842 3613 τὴν
863 3526 954 3614 δίκην
975 3529 1130 3617 ἀποτελῇ·
1163 3525 1281 3606 θέντες
1302 3523 1341 3613 δὴ
1362 3527 1416 3592 καὶ

316 3628 393 3711 τοός
407 3627 561 3712 δικαστὰς
576 3629 621 3711 dg
635 3623 793 3716 όῖρχαντας
811 3635 963 3721 λέγωμεν,
987 3636 1072 3715 τίνες
1091 3631 1129 3701 du
1149 3628 1216 3702 εἶεν
1230 3635 1415 3721 πρέποντες

318 3741 372 3808 καὶ
393 3742 490 3807 τίνων
512 3732 575 3827 door
597 3744 746 3809 δικασταὶ
765 3745 819 3810 καὶ
840 3739 943 3813 πόσοι
958 3745 1009 3834 ἐφ’
1026 3746 1170 3813 ἕκαστον.
1208 3748 1299 3827 Quae
1313 3747 1414 3813 verba

318 3852 411 3923 initio
444 3853 674 3937 disputationis
707 3855 878 3938 aptissima
909 3857 1066 3923 absonum
1099 3863 1148 3923 cst
1180 3857 1286 3922 medio
1312 3856 1414 3940 capiti

317 3962 427 4046 lusori,
461 3968 631 4046 postquam
653 3984 711 4048 per
744 3963 825 4029 duas
847 3984 911 4028 non
932 3965 1038 4032 minus
1061 3966 1282 4050 paragraphos
1304 3966 1345 4030 de
1367 3967 1413 4032 iu·

318 4071 414 4139 diciis
437 4070 636 4158 disputatum
658 4079 715 4139 est.
757 4073 892 4140 Accedit
928 4074 1015 4157 quod
1047 4075 1128 4141 haec
1149 4077 1248 4141 verba
1270 4076 1411 4159 speciem

318 4180 581 4267 praescierunt
612 4183 824 4249 clarissimam
855 4183 995 4275 protcrci
1025 4184 1078 4250 hic
1109 4204 1241 4269 prorsus
1272 4204 1357 4250 nova
1378 4191 1410 4250 et

501 4264 1090 4888 22⁷7
1117 4626 1252 4887 1
1356 4654 1366 4665 “
