3312 4906
757 361 796 422 27

236 544 317 610 turis
331 563 408 609 vero
423 545 571 611 nolumus
590 544 767 629 indulgere,
789 550 886 611 antea
900 564 997 628 quum
1011 544 1139 627 reliqua
1160 543 1332 628 perlustra-

237 657 387 721 verimus.

337 765 389 830 Ita
399 759 507 830 eutem
518 765 625 848 pergit
641 766 787 849 scriptor,
798 769 970 849 postquam
981 763 1114 847 publiea
1130 763 1335 827 seleotorum-

239 892 305 955 que
338 877 436 955 atque
469 872 636 937 tribulium
674 872 798 938 iudioia
837 872 999 955 disposuit
1031 867 1152 953 (768⁰):
1195 869 1264 931 Νῦν
1296 860 1335 954 δὴ

306 977 374 999 ιι
539 971 812 1003 stetur
988 964 1453 1006 versvm*

236 1002 315 1062 περι
333 1003 392 1062 μεν
413 980 601 1070 δικαστηρια
623 1005 709 1065 ημιν,
732 1004 754 1043 α
775 980 813 1065 δη
836 1003 944 1067 φαμεν
966 981 1041 1043 ονθ’
1066 1003 1110 1055 ιος
1129 1001 1233 1062 αρχας
1253 982 1324 1040 ovd

239 1083 287 1167 νίς
308 1083 357 1176 μή
381 1083 494 1178 ῥηίδιον
518 1085 655 1156 εἰπόντα
676 1081 970 1178 ἀναμφισβητήτως
985 1086 1153 1175 εἰρηκέναι,
1178 1085 1257 1169 περί
1277 1082 1337 1168 μὲν

238 1201 339 1264 ταῦτα
372 1189 446 1263 οἷον
477 1192 664 1287 περιγραφή
686 1223 736 1276 τις
759 1194 888 1280 ἔξωθεν
915 1183 1192 1283 περιγεγραμμένη
1216 1192 1337 1278 τὰμὲν

238 1302 356 1393 ε’ίρηκε,
379 1302 419 1372 τὰ
440 1307 477 1373 δὲ
498 1300 677 1373 ἀπολείπει
690 1308 715 1391 ¹)
735 1303 860 1390 σχεδόν·
894 1307 979 1392 πρὸς
1005 1302 1063 1392 γὰρ
1085 1307 1171 1373 τέλει
1193 1312 1338 1389 νομοθε-

238 1417 312 1496 σίας
333 1413 352 1504 ἡ
372 1419 472 1483 ιλικιῦν
493 1408 634 1502 οἰκριβης
655 1412 765 1501 νόμιον
780 1416 875 1496 θέσις
896 1413 963 1501 ἅμα
978 1417 1031 1482 καί
1053 1416 1210 1500 διαίρεσις
1233 1408 1337 1500 ὀρθό-

237 1550 319 1592 τατα
339 1526 468 1612 γίγνοιτ’
496 1521 536 1592 dv
556 1535 680 1616 μακρῷ.
701 1522 834 1606 ταύταις
847 1526 907 1612 μέν
929 1514 986 1593 οὖν
1008 1522 1159 1612 εἰρήσθω
1182 1522 1269 1609 πρὸς
1289 1528 1337 1611 τηῖ

237 1637 325 1702 τέλει
356 1634 543 1720 περιμένειν
571 1633 663 1727 ἡμᾶς,
697 1632 731 1702 αἰ
759 1637 796 1704 δέ
817 1637 896 1719 περί
916 1633 978 1716 τοίς
999 1627 1099 1715 dulas
1120 1628 1220 1720 ἆρχάς
1239 1658 1336 1700 κατα-

238 1741 368 1824 στάσεις
393 1745 509 1828 σχεδιίν
533 1741 591 1835 την
616 1746 772 1832 πλείστην
803 1741 956 1834 εἰλήφασι
982 1746 1192 1828 νομοθεσίαν.
1230 1745 1339 1812 Offen-

239 1859 355 1925 derunt
375 1859 440 1924 viri
462 1858 550 1924 dooti
571 1858 623 1925 his
654 1860 763 1925 verbis
793 1853 879 1941 πρὸς
900 1853 958 1942 μὰρ
983 1857 1068 1922 τέλει
1090 1855 1292 1938 νομοθεσίας
1319 1856 1339 1944 ἡ

239 1967 340 2032 δικῶν
361 1958 498 2052 οἰκριβῆς
520 1961 631 2049 νόμιον
644 1966 768 2044 θέσις.
793 2019 800 2033 .
825 1967 992 2051 ,γίγνοιτο
1013 1960 1061 2032 ι’ἰν.
1100 1968 1207 2050 Atque
1222 1965 1338 2032 Orellii

239 2076 383 2159 νομικῶν
402 2099 466 2143 non
488 2098 569 2163 opus
589 2083 638 2144 est
660 2080 802 2144 reiuturi.
847 2080 1034 2163 Speoiosius
1050 2084 1107 2162 est,
1129 2077 1218 2161 quod
1231 2078 1338 2143 Fioini

119 2204 124 2211 ·
238 2188 388 2253 versione
426 2188 516 2253 nisus
552 2188 788 2253 commendavit
826 2191 890 2254 inm
928 2188 1124 2273 Stephanus:
1167 2186 1339 2250 δικανικῶν

240 2289 364 2377 νόμων·
393 2316 490 2379 quem
521 2297 633 2362 Astius
666 2302 795 2363 secutus
822 2302 879 2363 est.
934 2297 1000 2364 Sed
1031 2298 1244 2381 neglexerunt
1274 2296 1338 2360 viri

241 2406 367 2489 egregii
387 2405 488 2470 verba
510 2397 883 2488 insequentiazrntwrg
903 2402 962 2486 μέν
982 2391 1039 2469 οὖν
1060 2398 1209 2490 εἰρήσθω
1232 2454 1239 2468 .
1256 2454 1263 2468 .
1280 2426 1338 2467 πε-

240 2510 381 2596 ριμένειν
402 2507 497 2595 ἡμᾶς,
522 2533 605 2596 quae
625 2535 684 2598 per
703 2535 738 2580 se
753 2515 969 2580 audacissime
984 2514 1073 2581 dieta
1087 2516 1183 2599 plane
1197 2513 1340 2579 absurda
1397 2585 1401 2595 ¹

240 2623 329 2706 fiunt,
362 2624 391 2688 si
414 2643 566 2711 rogamur
597 2615 729 2699 ταίτοιις
765 2624 808 2689 ad
835 2621 931 2699 θέσις
960 2621 1013 2687 καί
1035 2620 1190 2707 διαίρεσις
1211 2624 1339 2688 referre.

240 2734 283 2797 At
305 2734 414 2798 omnia
444 2737 531 2797 reete
564 2752 599 2798 se
631 2732 761 2798 habent.
815 2733 934 2799 Nesoio
961 2735 1046 2799 enim
1068 2754 1125 2798 our
1149 2714 1340 2798 heereamus

242 2844 277 2907 in
298 2862 339 2908 ea
360 2842 626 2924 interpretatione
648 2862 732 2924 quae
755 2849 805 2907 est
827 2843 1045 2931 inpromptu:
1069 2848 1240 2926 ‚securata
1260 2842 1340 2906 latio

242 2956 340 3034 atque
372 2949 544 3035 dispositio
577 2970 687 3016 earum
719 2952 827 3035 legum
859 2932 1040 3034 quaesunt
1067 2951 1108 3017 de
1129 2949 1340 3017 notionibus“.

241 3062 411 3127 Neminem
433 3061 519 3125 enim
540 3058 662 3144 duplex
683 3062 852 3144 genetivus
873 3060 1031 3139 offendet3
1054 3062 1092 3126 oi.
1115 3067 1150 3125 ut
1165 3080 1263 3125 unum
1285 3060 1341 3126 ud-

242 3172 345 3237 ieram
367 3170 549 3253 exemplum
571 3173 646 3233 7910
671 3165 719 3246 εἰς
740 3169 848 3255 ψυχῆς
871 3162 988 3251 μόριον
1009 3145 1135 3256 εἰρεσίης.

343 3303 491 3382 Quonam
512 3324 589 3368 vero
611 3302 781 3369 referenda
803 3309 877 3369 sunt
897 3302 978 3369 haee
999 3303 1123 3369 verba?
1165 3304 1239 3368 Non
1261 3304 1341 3367 satis

244 3432 376 3497 possum
397 3414 518 3495 mirari,
541 3413 629 3495 quod
651 3433 760 3478 omnes
781 3414 972 3497 interpretes
988 3413 1170 3477 oonsentire
1191 3410 1343 3476 videntur

241 3523 387 3606 promitti
408 3527 517 3587 nostro
539 3522 610 3587 loeo
632 3523 722 3604 leges
746 3521 926 3605 iudiciales,
960 3540 1040 3604 quas
1060 3521 1127 3611 sibi
1148 3519 1344 3586 videbantur

242 3631 364 3714 legisse
386 3631 420 3694 in
440 3630 525 3695 libro
547 3629 614 3693 XII
648 3632 722 3706 (956
745 3631 839 3713 squ).
883 3628 950 3695 Sed
978 3629 1074 3712 plane
1107 3628 1237 3693 diversa
1259 3635 1343 3711 sunt,

243 3760 328 3823 quse
370 3740 491 3823 priore·
518 3739 590 3803 loeo
627 3740 766 3833 scriptor
807 3739 966 3821 promittit
1001 3744 1033 3803 et
1068 3758 1153 3821 quae
1193 3738 1344 3822 leguntur

242 3870 295 3934 pg.
320 3850 390 3913 956.
444 3849 528 3915 Nam
550 3849 583 3912 in
602 3848 692 3937 libro
714 3848 782 3911 XII
814 3847 855 3913 de
888 3847 1050 3913 iudicibus
1087 3847 1369 3930 iudiciorumque·

245 3958 497 4025 eoniormatione
519 3958 627 4039 agitur
648 3958 770 4039 eisque,
793 3977 876 4039 quae
898 3956 939 4021 de
962 3956 1022 4022 huo
1043 3976 1079 4022 re
1100 3956 1155 4038 VI,
1189 3977 1238 4039 op.
1259 3956 1343 4020 XIII

245 4068 333 4134 diota
350 4072 425 4133 sunt
445 4087 611 4151 perpauca
632 4066 795 4132 adduntur
816 4072 848 4131 et
862 4067 995 4131 minuta.
1030 4067 1143 4152 Neque
1165 4085 1249 4131 vero·
1263 4063 1343 4151 περί

344 4268 369 4338 l)
386 4265 534 4324 ἀπολείπω
551 4268 585 4337 Α,
603 4285 668 4325 voss
681 4287 707 4324 x.
