3312 4906
768 361 808 423 47

236 563 288 608 res
317 541 518 607 hereditaria
548 540 701 605 universa
732 559 838 621 neque
871 539 1010 623 pertinet
1042 539 1086 604 ad
1117 540 1330 623 obligationes

235 669 341 732 neque
375 650 439 733 ipsi
472 649 622 733 scriptori
659 649 821 732 pertinere
861 649 934 714 visa
964 655 1021 714 est.
1078 647 1212 714 Accedit
1243 648 1331 731 quod

234 759 305 824 loco
321 778 420 843 supra
439 763 615 837 memorato
631 756 883 841 obligationibus
898 756 1026 822 tutoriis
1046 758 1208 841 expressis
1222 758 1331 823 verbis

233 867 404 931 ultimus
425 867 515 931 locus
537 866 699 931 tribuitur.
736 865 850 947 Itaque
874 866 980 947 capito
1001 865 1082 930 VIII
1101 871 1206 932 cessat
1228 886 1331 932 sermo

234 974 276 1040 de
299 971 519 1056 ξυμβολαίοις,
552 974 667 1057 incipit
698 993 750 1039 res
777 993 869 1038 nova.
917 972 990 1051 Qua
1017 993 1053 1038 re
1074 973 1241 1040 Platonem
1267 995 1331 1041 non

234 1081 331 1147 credo
343 1081 430 1146 turta
444 1082 699 1165 obligationibus
712 1081 924 1148 adnumerare
935 1083 1079 1148 voluisse
1090 1084 1263 1166 partitione
1275 1083 1331 1149 ad·

234 1189 340 1255 bibita
358 1192 442 1256 inter
458 1184 595 1255 ἀκούσια
609 1196 706 1273 atque
723 1185 853 1254 ἑκούσια
875 1184 1053 1273 ξομβόλοια
1073 1187 1331 1274 (obligatIonesc

235 1304 401 1365 contractu
423 1305 456 1365 et
481 1320 523 1365 ex
542 1298 677 1380 delict03
706 1299 744 1364 cl.
770 1299 872 1369 Meier
893 1326 933 1352 =
956 1298 1165 1391 Schoemann
1178 1306 1234 1365 att.
1256 1300 1331 1366 Pro

235 1427 316 1472 cess.
327 1411 476 1491 pgttlb).
500 1408 537 1474 Si
548 1409 686 1491 volebat,
698 1407 851 1474 videlicet
865 1409 1026 1489 expressis
1033 1407 1141 1474 verbis
1153 1427 1188 1473 se
1199 1407 1242 1473 ad
1253 1408 1332 1474 obli-

157 1586 159 1591 ,
234 1515 382 1597 gatIones
396 1515 504 1582 redire
518 1517 730 1601 pronuntiare
755 1515 904 1582 debebat.
937 1515 980 1581 At
1001 1518 1086 1581 enim
1110 1536 1174 1581 non
1194 1536 1331 1600 pronun-

234 1624 337 1687 tiavit
391 1622 511 1688 Contra
543 1621 578 1687 id
611 1623 717 1706 ipsum
748 1627 855 1686 movet
888 1622 1113 1707 suspicionem,
1128 1614 1131 1621 ⁴
1145 1627 1212 1685 tam
1244 1620 1332 1688 nuda

234 1730 314 1796 baec
331 1731 441 1815 posita
460 1750 546 1797 esso:
570 1724 631 1798 ὅσα
653 1753 703 1807 τις
722 1721 761 1792 ἂν
783 1725 895 1811 ἕτερον
909 1750 974 1794 aaa.
1014 1728 1113 1795 Aliud
1134 1729 1235 1796 addo:
1256 1750 1332 1796 nam

233 1840 366 1923 planum
386 1838 448 1905 hoc
468 1845 526 1922 cst,
553 1839 689 1904 crimina
709 1836 925 1903 veneficorum
949 1844 981 1903 et
1002 1858 1168 1921 magorum
1190 1832 1265 1921 (ὅσα
1281 1861 1332 1915 τις

233 1935 332 2024 illoc
352 1936 452 2011 ίίλλον
481 1945 639 2032 πημαίνει
668 1939 854 2031 φαρμάκοις
875 1965 902 2012 e.
925 1966 956 2028 q.
979 1965 1004 2013 s.
1027 1949 1128 2031 9320),
1149 1967 1232 2030 quae
1266 1948 1331 2012 iam

233 2057 433 2120 9320-9330
458 2058 670 2137 illustrantur,
686 2054 888 2136 singularem
907 2073 979 2120 esse
995 2055 1136 2139 speciem
1156 2055 1330 2122 violentiae

233 2165 419 2243 universam
442 2165 533 2247 atqui
559 2163 640 2229 haec
655 2162 784 2229 demum
802 2164 883 2226 *9330
895 2162 1004 2228 verbis
1023 2155 1084 2226 ὅσα
1098 2185 1148 2240 τις
1163 2155 1202 2226 ab
1220 2159 1333 2246 ἕτερον

201 2300 206 2307 ·
232 2265 367 2356 πημήνῃ
399 2270 554 2335 κλέπτων
585 2262 817 2354 ἢβιαζόμενος
840 2269 1013 2336 iuducitur.

333 2397 440 2481 Atque
462 2398 559 2480 quale
586 2397 714 2461 initium
739 2394 835 2461 buius
862 2395 902 2461 de
923 2395 1009 2460 lurto
1032 2403 1064 2462 et
1087 2396 1245 2463 violentia
1266 2396 1330 2462 dis·

234 2507 411 2591 putationis
432 2507 507 2571 talis
530 2506 629 2571 etlam
650 2504 733 2569 finis.
766 2504 835 2570 Hoc
856 2505 941 2569 enim
957 2503 1119 2570 Susemihl
1140 2511 1226 2571 recte
1247 2505 1331 2570 vidit

234 2614 470 2680 discussionem
503 2634 587 2696 quae
614 2613 813 2697 promittitur
833 2612 956 2677 verbis:
991 2613 1058 2675 τῶν
1091 2610 1259 2677 κλοπαίων
1294 2636 1330 2678 τε

232 2722 287 2787 καί
306 2721 424 2804 βιαίων
445 2716 577 2785 πάντων
591 2717 649 2797 τὰς
671 2718 784 2804 ζημίας
802 2718 975 2802 λεγομένας
994 2719 1066 2797 οἵας
1080 2719 1132 2785 δεῖ
1152 2719 1328 2804 γίγνεσθαι,

233 2831 374 2913 λεκτέον,
407 2825 501 2908 ὅπως
533 2823 574 2894 tto
598 2823 676 2917 ἡμῖν
708 2826 890 2909 παρείκασι
923 2826 1002 2893 θεοί
1023 2827 1077 2894 καί
1098 2830 1190 2895 θεῶν
1213 2830 1332 2908 παῖδες

233 2932 431 3023 νομοθετεῖν
445 2959 605 3023 nusquam
616 2957 793 3004 occurrere.
812 2938 869 3008 Nil
881 2937 988 3004 dicam
1003 2938 1044 3005 de
1056 2940 1157 3004 altero
1171 2940 1248 3006 libri
1263 2941 1330 3006 XII

120 3086 125 3092 ·
232 3051 312 3114 loco.
350 3048 453 3127 Quem
467 3068 527 3114 nec
542 3068 615 3114 oum
629 3047 846 3131 legationibus
861 3067 945 3128 quae
966 3046 1164 3133 praecedunt
1178 3068 1238 3118 nec
1257 3070 1330 3115 cum

234 3159 373 3224 militum
395 3157 511 3224 officiis
534 3156 706 3222 cohaerere
738 3175 823 3238 quae
844 3163 1032 3241 sequuntur,
1054 3158 1162 3241 quivis
1194 3157 1328 3225 videbit.

337 3281 410 3360 Qua
431 3303 466 3348 re
488 3281 692 3348 haecomnia
713 3282 770 3365 qui
791 3301 916 3346 mecum
934 3282 1153 3367 perpenderit,
1174 3283 1329 3350 concedet

232 3391 369 3458 fortasse
401 3394 436 3457 in
460 3391 544 3457 banc
568 3393 778 3456 sententiam:
810 3390 904 3456 Plato
935 3411 1020 3473 quae
1042 3390 1083 3458 de
1112 3394 1197 3459 furto
1224 3391 1329 3475 deque

232 3484 388 3566 violentia
416 3502 599 3585 prolaturus
638 3506 717 3582 erat,
754 3499 903 3565 incitavit
934 3505 1068 3584 tuntum,
1099 3522 1163 3567 non
1194 3502 1329 3586 perlecit

232 3615 331 3692 atque
353 3628 515 3695 exponere
537 3629 605 3674 rem
628 3609 678 3674 bis
706 3608 881 3693 adgressus
904 3614 973 3675 erat
997 3608 1198 3676 delineando.
1234 3608 1328 3676 Unde
1364 3657 1367 3661 ,

232 3720 352 3785 lactum
374 3724 432 3804 est,
453 3725 489 3785 ut
509 3739 567 3784 nos
583 3717 646 3784 duo
667 3719 762 3801 quasi
783 3722 1012 3787 commentaria
1027 3719 1206 3804 imperfecti
1222 3719 1328 3800 operis

232 3834 308 3893 ante
329 3829 439 3894 oculos
458 3828 636 3894 habeamus
657 3849 688 3914 p.
705 3831 776 3912 933,
791 3828 862 3911 941,
885 3830 943 3912 qui
961 3830 1067 3896 locum
1088 3848 1181 3895 suum
1202 3829 1328 3894 alienae

106 3946 116 3964 ‘
231 3938 341 4002 manui
362 3936 481 4003 debent
494 3939 528 4020 ¹).

333 4161 360 4231 1)
379 4161 421 4216 Ex
439 4161 522 4218 simili
551 4161 639 4234 igitur
657 4161 778 4218 frustulc
800 4165 920 4235 abrupto
938 4167 969 4220 et
988 4169 1084 4235 spreto
1104 4164 1140 4221 ab
1162 4163 1224 4235 ipso
1242 4163 1328 4235 scrip·

233 4258 297 4310 tore
315 4255 452 4327 originem
472 4256 593 4314 Irrrtacse
611 4257 692 4314 duxit
710 4260 784 4316 857⁸.
803 4290 837 4301 -
863 4260 948 4315 Aliud
978 4261 1006 4315 in
1026 4263 1188 4317 transcursu
1214 4260 1328 4316 afferam
