3312 4906
774 374 812 435 31

248 561 437 639 monstrare,
471 556 598 621 initium
621 557 737 641 capitis
764 577 836 621 oum
857 542 1132 634 antecedentibus,
1161 554 1342 632 quaesunt

246 664 287 731 (16
311 665 445 731 deorum
459 666 640 732 simulacris
656 671 688 730 et
703 665 744 730 dc
766 665 859 730 donis
875 666 940 729 illis
962 661 1114 744 terendis,
1136 658 1341 724 nullomodo
1442 719 1445 726 ι

248 773 431 840 cohaerere.

344 883 631 966 Habemus'igitpr
663 881 915 966 disputationem
946 885 1013 944 tarn
1039 879 1181 943 alienam
1202 899 1222 943 a
1243 880 1342 946 totius

246 993 355 1074 operis
377 994 534 1078 instituto,
556 999 592 1058 ut
612 992 763 1058 videatur
784 991 878 1074 quasi
899 990 1074 1071 peculiaris
1096 991 1342 1055 commentarius

246 1102 277 1165 ci
303 1101 425 1168 inserta
448 1124 528 1169 esse.
560 1102 640 1180 uui
667 1101 915 1167 commentarius
936 1098 1105 1164 videamus
1130 1119 1215 1164 nunc
1236 1104 1344 1164 utrum

246 1230 329 1275 unus
352 1211 459 1276 sitan
492 1213 563 1296 ipse
591 1230 720 1294 quoque
749 1229 790 1274 ex
823 1208 961 1273 divorsis
994 1208 1146 1273 membris
1178 1207 1342 1274 conflatus.

247 1318 381 1385 Constat
412 1326 520 1386 autem
551 1319 613 1385 hoc
647 1323 743 1402 caput
780 1338 821 1384 ex
852 1318 996 1399 quinque
1028 1317 1197 1401 particulis
1229 1338 1343 1401 parurn

248 1427 496 1495 cohaerentibus
519 1431 603 1495 inter
625 1448 669 1494 se.
712 1428 818 1510 Atque
841 1427 882 1492 (16
904 1426 1009 1510 prima
1034 1447 1099 1492 non
1120 1425 1224 1491 habeo
1256 1423 1345 1508 quod

247 1535 366 1602 addam
389 1536 555 1621 (956b·‘¹).
879 1526 882 1532 ²

345 1636 561 1730 subsequitur
571 1652 679 1711 autern
690 1647 793 1711 altera
804 1643 966 1727 quaedam
977 1644 1057 1709 satis
1068 1644 1151 1709 mira
1163 1642 1217 1726 (-
1225 1647 1302 1708 957⁶
1315 1693 1323 1709 .
1336 1693 1343 1708 .

246 1748 307 1840 χρὴ
333 1754 542 1841 νομοθέτην).
592 1755 761 1822 Sententia
792 1761 849 1820 aut
882 1776 942 1838 ego
965 1756 1059 1820 fallor
1080 1762 1137 1820 aut
1158 1756 1346 1838 impcdecta
1428 1760 1431 1765 ’

247 1869 306 1928 661.
363 1864 447 1929 Nam
486 1866 515 1930 si
551 1866 625 1947 quis
668 1864 709 1931 (16
740 1865 853 1947 aliqua
894 1884 929 1929 re
974 1884 1009 1929 se
1052 1866 1117 1929 iam
1160 1865 1345 1951 disputasse
1438 1852 1441 1859 ’

251 1971 342 2055 dicit,
375 1979 518 2039 attamen
545 1974 660 2040 decere
682 1952 804 2040 rectum
835 1967 888 2051 ,(τό
910 1996 946 2057 με
971 1963 1091 2057 ὀρθόν)
1129 1975 1180 2039 bis
1212 1975 1265 2039 vel
1296 1980 1346 2039 ter

248 2080 366 2165 dicere,
382 2083 434 2163 (-
448 2076 588 2165 εἴπομεν
598 2081 658 2165 μὲν
671 2081 725 2146 καὶ
736 2077 899 2166 πρόσθεν,
915 2076 1014 2146 καλὸν
1024 2079 1063 2146 δὲ
1071 2075 1110 2147 τό
1127 2104 1162 2165 γε
1175 2062 1282 2164 ὀρθόν
1292 2072 1351 2146 nod

248 2187 299 2266 δὶς
319 2190 374 2253 καὶ
390 2189 474 2274 τρίς)
496 2193 655 2277 promittit
677 2194 742 2274 ille,
764 2182 793 2257 si
808 2192 889 2275 quid
902 2192 1008 2275 video,
1030 2213 1147 2258 novam
1169 2191 1210 2257 (16
1233 2191 1346 2257 cadem

249 2318 284 2363 re
317 2298 579 2383 disputationem.
626 2300 745 2365 Nostro
767 2306 875 2365 autem
894 2301 966 2365 loco
988 2293 1026 2363 τό
1049 2312 1084 2382 με
1107 2291 1214 2381 ὀρθόν
1234 2305 1291 2365 aut
1313 2301 1347 2364 in

248 2406 337 2471 nuda
364 2410 529 2473 nominum
552 2410 792 2474 enumeratione
815 2410 955 2494 positum
978 2414 1027 2474 est
1049 2416 1105 2476 aut
1127 2411 1161 2474 in
1186 2409 1347 2474 sententia

250 2535 334 2597 quae
351 2517 576 2600 subsequitur:
609 2510 718 2580 πάντα
751 2517 779 2581 d’
803 2503 867 2580 ὀὖν
891 2511 1001 2581 ὁπόσα
1027 2512 1149 2600 σμικρὰ
1174 2516 1228 2582 καὶ
1250 2506 1347 2607 ’ῥᾴδια
1449 2522 1457 2533 ’

250 2619 372 2707 νόμιμοι
398 2620 567 2709 εὑρίσκειν,
599 2620 785 2710 πρεσβύτου
808 2626 994 2710 νομοθέτου
1021 2620 1267 2709 παραλιπόντος
1290 2621 1348 2691 τόν

250 2731 323 2796 νέον
341 2725 552 2819 ἀναπληροῦν
573 2731 632 2821 χρὴ
654 2734 849 2822 νομοθέτην.

353 2843 439 2909 lllud
472 2845 618 2930 ineptum
647 2851 708 2924 est;
742 2867 848 2929 neque
869 2845 931 2911 hoc
952 2847 1135 2912 accuratius
1158 2845 1345 2929 inspicienti

251 2971 366 3017 verum
388 2973 459 3018 esse
480 2953 653 3020 videbitur.
700 2956 784 3020 Nam
807 2956 836 3020 si
860 2974 972 3021 verum
994 2961 1089 3038 esset,
1111 2954 1220 3020 verbis
1242 2945 1349 3048 πάντα

251 3052 362 3125 ὁπόσα
385 3061 505 3143 σμικροὶ
527 3061 581 3126 καὶ
603 3057 697 3151 ῥᾴδια
728 3065 968 3130 continerentur
989 3085 1041 3130 res
1064 3083 1174 3129 ornnes
1197 3063 1274 3128 illae
1297 3081 1348 3127 su·

250 3189 311 3253 pra
332 3177 547 3255 enumeratae,
581 3172 622 3237 de
654 3173 773 3256 quibus
805 3173 984 3257 disputatio
1011 3173 1217 3257 promittitur.
1255 3170 1350 3250 Quod

252 3280 352 3361 igitur
374 3279 415 3345 de
436 3279 488 3346 his
510 3283 606 3348 rebus
628 3282 844 3367 praedicatur,
872 3281 956 3347 nibil
976 3288 1034 3366 est,
1067 3282 1131 3347 nisi
1154 3302 1272 3367 parvas
1294 3300 1349 3346 eas

252 3407 323 3453 esse
339 3392 371 3452 61
385 3389 498 3455 laciles
521 3395 553 3455 61
573 3391 803 3473 relinquendas
825 3389 993 3477 νομοθέτῃ
1013 3389 1084 3475 νέην.
1121 3391 1235 3473 itaque
1250 3411 1348 3474 quae·

234 3496 390 3562 arandum
425 3505 474 3564 est
495 3519 571 3565 num
606 3519 646 3565 ex
676 3501 837 3566 sententia
864 3500 1010 3565 Platonis
1042 3519 1095 3564 res
1117 3500 1194 3566 illae
1215 3519 1251 3564 re
1272 3519 1350 3564 vera

251 3626 373 3690 parvae
394 3607 466 3672 sint.
506 3608 658 3674 Animum
680 3614 789 3676 autem
810 3609 971 3691 advertas,
1002 3609 1165 3674 nominari
1187 3609 1350 3676 intereas

253 3716 350 3780 etiam
381 3714 606 3802 διαψηφίσεις.
651 3719 719 3785 Has
747 3725 870 3787 certum
896 3725 945 3785 est
976 3739 1017 3784 ex
1039 3739 1092 3802 pg.
1115 3717 1194 3781 855<l
1217 3718 1350 3784 minime

253 3823 337 3890 inter
365 3846 482 3909 parvas
512 3825 626 3892 haberi
654 3834 687 3893 61
708 3828 938 3912 relinquendas
971 3827 1030 3894 scd
1057 3828 1100 3893 ad
1131 3829 1350 3912 legislatorem

253 3933 413 3999 seniorem
445 3935 606 4018 pertinere
638 3929 831 4020 (εἰσαγωγὰς
852 3934 889 4000 δέ
911 3930 1112 4001 τούτωνκαὶ
1133 3930 1351 4024 προσκλήσεις

253 4041 307 4106 καὶ
320 4035 383 4108 ὅσα
403 4046 537 4108 τοιαῦτα
558 4044 612 4109 καὶ
632 4042 677 4122 ιός
700 4047 753 4111 δεῖ
772 4045 949 4131 γίγνεσθαι,
971 4049 1043 4122 τοῖς
1061 4046 1233 4129 νεωτέροις
1254 4069 1349 4129 νομα·

253 4149 369 4230 θέταις
388 4148 447 4237 χρὴ
469 4153 586 4236 μέλειν·
609 4150 668 4243 τὴν
682 4150 881 4245 διαψήφισιν
902 4154 939 4221 δέ
956 4151 1114 4245 ἡμέτερον
1137 4151 1231 4240 ἔργον
1251 4179 1351 4239 νομο-

255 4261 391 4348 θετεῖν).
428 4263 543 4347 Itaque
565 4272 638 4352 post
658 4260 697 4331 τό
720 4264 761 4351 ’γε
783 4258 890 4351 ὀρθὸν
911 4265 961 4358 δὶς
982 4265 1036 4331 καὶ
1056 4263 1126 4348 τρίς
1147 4264 1350 4333 desideratur
