3312 4906
773 387 814 448 49

332 562 578 645 Atquetolerari
586 569 693 649 potest
703 566 851 647 quamvis
863 566 1032 633 invenuste
1040 544 1252 633 dictumillud
1260 563 1339 646 περὶ
1385 646 1387 649 v

240 664 365 747 παντός
383 666 419 736 ἓν
438 665 567 736 τοιόνδε
588 694 620 735 τι
642 666 781 753 νόμιμον
801 670 918 752 βιαίων
938 671 1028 755 πέρα
1047 694 1167 758 „uuum
1186 672 1275 756 quod
1295 672 1339 739 ad

240 781 428 845 universnm
443 780 619 846 violentiae
635 800 737 864 genus
749 778 894 866 spectat“
909 781 1004 862 (Ast).
1037 780 1104 849 Sed
1121 783 1208 848 enim
1219 781 1338 861 oblitus

242 907 314 954 esse
349 888 479 954 videtur
513 892 628 955 auctor
659 907 695 954 se
725 888 834 972 paullo
867 894 964 955 antea
996 890 1095 955 etiam
1126 890 1338 956 contumelias

241 991 373 1077 (αἰκίας)
395 1002 427 1063 et
448 990 551 1060 πάντα
572 990 613 1059 τὰ
634 995 856 1081 προειρημένα
876 990 974 1080 πάθη
997 998 1173 1063 violentiae
1186 997 1338 1063 adnume-

243 1123 342 1169 rasse.
384 1098 453 1170 Nos
475 1106 562 1170 enim
596 1106 625 1170 si
656 1106 887 1190 praeoccupati
919 1106 967 1171 eis
998 1104 1108 1171 verbis
1137 1110 1221 1188 quae
1242 1102 1338 1170 modo

240 1212 423 1294 legeramus
445 1212 552 1288 (stebz
573 1211 665 1293 βίαια
682 1209 742 1294 μὲν
761 1207 800 1296 δὴ
820 1204 925 1276 πάνθ’
947 1208 1025 1297 ἡμῖν
1045 1208 1087 1278 ταὶ
1120 1211 1340 1297 προειρημένα

241 1318 348 1402 πάθη,
377 1318 485 1399 βίαιον
506 1319 542 1385 δὲ
563 1318 617 1384 καὶ
638 1315 677 1383 τὸ
700 1322 758 1396 τας
779 1315 885 1396 αἰκίας
905 1321 973 1382 πᾶν
1000 1318 1103 1402 γένος)
1127 1319 1170 1397 ad
1190 1327 1336 1386 nostrum

241 1428 347 1493 locum
380 1426 578 1510 devenimus,
601 1433 818 1512 expectamus,
851 1428 881 1492 si
902 1427 983 1511 quid
1015 1427 1176 1493 dicturum
1209 1448 1244 1494 se
1266 1447 1338 1493 esse

239 1535 399 1619 promittit
417 1534 524 1619 „quod
544 1534 593 1601 ad
615 1548 730 1602 omne
752 1536 928 1602 violentiae
950 1555 1053 1618 genus
1074 1532 1216 1617 spectet“
1237 1536 1336 1600 etiarn

239 1641 299 1705 illa
308 1641 397 1720 (879)
406 1639 503 1704 Biora
514 1641 556 1707 ab
569 1662 608 1709 eo
620 1643 748 1727 respici.
766 1641 832 1707 Sed
840 1643 936 1726 plane
947 1640 1038 1708 aliud
1048 1642 1223 1707 violentiae
1234 1662 1336 1725 genus

240 1748 414 1819 inducitur.
442 1748 574 1815 Offensa
589 1770 654 1814 non
665 1749 804 1832 adesset,
821 1751 850 1814 si
870 1750 947 1815 libri
967 1749 1162 1833 praeberent
1179 1749 1246 1812 τῶν
1262 1748 1336 1812 λοι-

238 1857 323 1919 πῶν
333 1854 546 1938 prolocutos.
567 1856 696 1922 Deinde
708 1855 894 1940 adprorsus
905 1877 990 1923 nova
998 1858 1152 1940 pergitur.
1169 1857 1338 1923 Contume-

244 1965 309 2030 liae
333 1965 420 2030 enim
436 1966 506 2031 sive
526 1967 726 2051 petulantiae
741 1965 966 2032 describuntur
978 1985 1019 2031 ac
1034 1964 1210 2031 secundum
1231 1964 1338 2031 orimi-
1454 2004 1457 2009 >

238 2073 290 2137 nis
302 2072 561 2155 magnitudinem
575 2075 609 2139 in
622 2075 743 2140 classes
755 2073 1005 2140 distribuuntur:
1021 2074 1101 2139 talia
1116 2074 1202 2138 enim
1214 2072 1337 2139 scelera

238 2186 375 2264 possunt
396 2182 553 2246 committi
575 2187 687 2246 contra
708 2183 891 2247 communia
905 2182 1007 2264 sacra,
1023 2182 1161 2264 privata,
1176 2187 1336 2264 parentes,

238 2290 486 2371 magistratuum
512 2290 734 2372 possessiones
756 2288 809 2370 (t),
833 2290 1032 2371 singulorum
1054 2289 1175 2353 civium
1195 2289 1277 2352 iura.

336 2395 480 2462 Primum
502 2404 610 2463 antem
631 2396 711 2480 qnid
732 2398 796 2463 sibi
821 2398 891 2462 vult
912 2393 1032 2492 turtum
1054 2397 1123 2463 sive
1145 2397 1260 2479 rapina
1281 2415 1334 2461 ea·

238 2525 310 2570 rum
330 2524 537 2587 rerumquae
559 2512 633 2570 sunt
653 2507 899 2588 magistratuum
920 2507 1005 2571 inter
1026 2498 1152 2586 ὕβρεως
1172 2505 1266 2569 varia
1279 2523 1334 2586 ge·

236 2613 338 2677 nera?
359 2614 489 2679 Deinde
505 2633 577 2678 cum
594 2614 698 2678 oratio
714 2618 788 2697 post
801 2614 949 2695 quintum
959 2614 1159 2697 petulantiae
1174 2631 1276 2695 genus
1291 2610 1335 2697 ad

237 2717 612 2805 explicandumprimum
622 2718 743 2803 redeat,
754 2718 951 2784 videbuntur
959 2718 1092 2802 quidem
1102 2718 1334 2802 haecquinque

235 2846 405 2910 generaco
417 2828 552 2893 consilio
564 2829 756 2911 enumerari,
771 2833 807 2894 ut
823 2829 955 2911 singula
963 2826 1118 2910 deinceps
1130 2832 1334 2893 enarrentur:

235 2923 289 3012 οἷς
311 2928 350 3018 δὴ
371 2933 486 2999 δοτέον
507 2931 567 3016 (εἷς
588 2934 661 3000 dele
683 2955 756 3000 cum
776 2935 903 3016 Stallb.)
919 2928 1032 3017 accedo
1052 2927 1154 3015 νόμον
1174 2927 1333 3014 ἑκάστοις.

239 3042 306 3109 Sed
318 3043 444 3109 duobus
454 3035 969 3139 prioribusgeneribuspertotum
979 3043 1333 3126 librumXexplanatis

235 3152 331 3235 plane
354 3152 474 3217 oblitus
496 3171 567 3217 esse
588 3150 717 3217 videtur
743 3153 882 3236 scriptor
907 3152 1065 3233 pristinae
1098 3151 1332 3235 dispositionis.

235 3259 320 3324 Nam
340 3260 424 3325 libro
447 3259 497 3323 XI
518 3279 649 3343 prorsus
671 3279 756 3324 nova
777 3260 946 3343 incipiunt,
965 3264 1062 3342 atque
1084 3259 1141 3324 ubi
1162 3263 1277 3344 postea
1290 3257 1333 3324 de

238 3369 441 3434 coutumeliis
463 3388 542 3451 erga
571 3374 722 3453 parentes
732 3371 753 3445 ¹)
787 3372 820 3434 et
848 3368 889 3434 de
913 3368 1044 3451 publico
1066 3367 1183 3448 lnrto²)
1215 3369 1333 3450 agitur,

235 3474 289 3541 hio
309 3478 400 3542 locus
419 3496 550 3560 prorsus
565 3477 756 3559 neglegitur.
786 3475 941 3554 Quintum
960 3482 1068 3541 autem
1082 3495 1184 3559 genus
1205 3469 1333 3556 ὕβρεως

234 3583 354 3650 trustra
375 3586 521 3668 requires
543 3586 577 3650 in
598 3586 724 3667 reliquo
744 3605 851 3668 opere.
868 3600 870 3605 ’

334 3690 401 3757 Sed
422 3691 503 3761 haec
524 3694 665 3759 breviter
685 3699 816 3759 notasse
839 3679 919 3759 satis
940 3693 1054 3777 habeo,
1077 3700 1113 3759 ut
1133 3694 1210 3760 libri
1229 3692 1262 3757 X
1284 3691 1332 3756 in·

236 3799 329 3865 itium
340 3820 455 3884 parum
464 3803 601 3886 politum
613 3821 684 3867 esse
696 3800 854 3868 docerem.
874 3803 943 3867 Iam
954 3822 1030 3868 vero
1042 3801 1123 3884 quid
1134 3820 1255 3886 quaeso
1267 3800 1332 3866 sibi

110 3946 123 3971 s
233 3908 304 3972 vult
323 3906 385 3974 hoc
405 3908 477 3973 looo
497 3915 706 3993 praeceptum
733 3908 814 3974 illud
839 3908 880 3974 de
909 3911 1079 3975 sanctitate
1103 3907 1333 3993 proprietatis?

234 4014 285 4081 De
318 4035 384 4098 qua
415 4035 476 4082 neo
508 4017 543 4081 in
580 4015 789 4100 praecedenti
818 4037 879 4084 nec
911 4018 946 4082 in
975 4018 1124 4101 sequenti
1155 4017 1239 4083 libro
1264 4017 1331 4083 nllo

333 4238 359 4308 1)
376 4238 501 4310 pg.931.
686 4241 713 4310 2)
730 4259 779 4313 pg.
794 4240 855 4296 941.

356 4364 357 4368 ,
426 4362 436 4403 l
497 4337 501 4343 ·
1109 4338 1131 4398 4
1213 4353 1218 4365 ,
