3312 4906
368 1336 418 1401 De
449 1332 819 1416 legum-Platonicamm
845 1341 1079 1425 compositione
1105 1339 1276 1406 mirabitur
1304 1343 1366 1409 lor·

269 1455 355 1515 tasse
378 1449 434 1531 qui
461 1468 577 1514 novam
599 1446 853 1532 disputationem
875 1451 1001 1515 institui
1022 1450 1122 1535 videt,
1154 1457 1299 1518 veterum
1318 1472 1366 1518 re-

269 1557 418 1624 cordatus
443 1577 527 1640 quae
548 1557 668 1623 luerint
690 1556 731 1623 dc
746 1557 807 1623 hac
828 1579 864 1624 re
879 1561 1171 1626 controversiarum
1178 1546 1188 1624 :¹
1208 1561 1367 1627 tironibus

269 1672 356 1733 certe
377 1686 527 1750 campum
549 1685 621 1731 esse
641 1666 699 1731 vix
721 1665 882 1750 idoneum,
905 1669 939 1732 in
961 1687 1025 1750 quo
1047 1689 1106 1753 per
1126 1669 1178 1734 bis
1193 1688 1251 1735 sex
1265 1670 1368 1736 lustra

270 1777 339 1842 siue
361 1794 512 1841 successu
526 1775 728 1858 litigaverint
751 1775 815 1840 viri
837 1773 1025 1841 doctissimi.
1068 1776 1170 1842 Erunt
1191 1778 1289 1843 etiam
1311 1779 1367 1860 qui

270 1886 398 1951 omnino
410 1888 529 1967 negent
536 1884 738 1967 suspiciones
746 1883 820 1949 illas
832 1881 873 1949 de
883 1885 992 1967 legum
1004 1886 1130 1968 origine
1144 1886 1283 1969 amplius
1295 1906 1368 1952 esse

269 1990 519 2084 persequendas.
559 1991 611 2058 Ad
627 2012 700 2057 eum
716 1993 802 2058 enim
816 1993 1038 2076 provocabunt
1050 1994 1165 2077 virum,
1187 1995 1244 2077 qui
1258 2014 1369 2077 quam-

269 2103 320 2167 vis
334 2103 486 2184 princeps
502 2101 545 2166 sit
566 2107 598 2166 et
613 2102 708 2183 quasi
722 2107 815 2184 pater
830 2103 971 2167 omnium
991 2100 1106 2167 harum
1121 2100 1367 2186 dubitationum,

271 2216 378 2276 tamen
399 2229 525 2275 errasse
541 2229 575 2275 se
597 2228 670 2274 cum
685 2209 814 2275 Platoni
828 2209 919 2294 leges
934 2208 1111 2293 abdicaret,
1134 2212 1274 2294 ingenue
1295 2229 1368 2276 con·
1483 2232 1488 2239 ·

270 2318 375 2384 lessus
399 2318 449 2383 sit.
502 2316 705 2401 Relegabunt
727 2337 859 2401 operam
892 2318 1094 2401 impensuros
1126 2317 1178 2383 his
1210 2317 1303 2384 libris
1325 2318 1369 2385 ad

271 2427 435 2510 negotium
456 2427 556 2491 multo
578 2426 772 2492 fructuosius
795 2432 827 2492 et
849 2424 980 2509 dignius
1010 2425 1194 2510 philologis.
1246 2425 1368 2493 Suade-

270 2537 359 2618 buut‚
391 2540 427 2600 ut
454 2535 623 2619 praeclara
644 2533 803 2600 Badhami
836 2530 985 2618 inprimis
1013 2534 1154 2618 vestigia
1185 2540 1367 2618 prementes

270 2651 360 2734 leges
381 2648 566 2714 Platonicas
594 2653 774 2732 temporum
801 2646 930 2711 iniuriis
958 2664 1058 2728 prave
1084 2649 1251 2729 corruptas
1274 2661 1368 2725 squa-
1497 2648 1498 2651 ’

271 2759 340 2824 lore
362 2757 418 2822 illo
441 2761 510 2821 arte
532 2754 699 2841 philologa
720 2755 859 2821 liberent
885 2754 973 2821 etin
1002 2753 1175 2837 pristinum
1197 2748 1369 2816 restituant
1440 2765 1443 2770 ·
1484 2781 1488 2788 ·

271 2866 418 2931 nitorem.
1389 2860 1393 2865 ’

370 2972 490 3037 Verum
505 2977 574 3038 esto
596 2972 662 3037 iam
684 2971 781 3036 nimis
804 2968 845 3035 de
862 2968 990 3053 legibus
1009 2968 1043 3031 in
1056 2966 1243 3031 universum
1259 2963 1369 3048 dispu-

272 3084 374 3145 tatum
396 3099 476 3146 csse.
512 3078 636 3145 Tamen
655 3079 761 3144 critici
783 3096 916 3143 necesse
936 3081 994 3159 est,
1016 3076 1205 3159 priusquam
1224 3072 1369 3155 singulos

272 3189 361 3254 locos
383 3186 563 3271 emendent,
592 3186 728 3253 subeant
750 3184 890 3252 officium
911 3183 981 3267 hoc,
1015 3181 1101 3265 quod
1122 3182 1236 3266 paucis
1258 3179 1369 3246 adum-
1408 3185 1413 3201 ¹

272 3297 382 3363 brabo.
418 3297 501 3361 Nam
517 3302 647 3362 certene
662 3296 886 3378 constantique
900 3290 1052 3360 medendi
1067 3276 1192 3356 ratione
1207 3308 1289 3372 opus
1311 3286 1369 3352 ali-

273 3404 360 3488 quod
382 3405 560 3486 antiquitus
581 3409 767 3487 corruptum
793 3403 926 3469 tractari
954 3405 1070 3485 potest,
1100 3398 1163 3464 nisi
1190 3402 1287 3463 antea
1308 3396 1369 3461 ori-

273 3513 382 3597 ginem
403 3513 473 3578 eius
495 3517 691 3596 compertam
712 3509 856 3577 habeas?

371 3619 471 3702 Atqui
503 3626 551 3685 tot
580 3625 806 3701 tantorumque
827 3619 971 3684 virorum
992 3617 1110 3685 studiis
1138 3616 1234 3681 huius
1256 3632 1370 3697 quaes-

272 3729 371 3794 tionis
395 3749 459 3794 non
481 3729 628 3795 sublatae
650 3726 856 3793 difficultates
877 3725 1038 3810 videntur,
1061 3724 1119 3793 sed
1140 3729 1263 3789 auctae.

372 3834 459 3901 Sane
480 3834 625 3902 Zellerus
646 3834 839 3902 sententiam
862 3853 953 3901 suam
974 3831 1016 3898 dc
1030 3832 1157 3916 origine
1178 3831 1287 3913 legum
1307 3848 1372 3894 non

273 3924 442 4010 Platonica
462 3943 607 4008 mutavit.
650 3941 692 4007 Et
714 3943 785 4008 iure
806 3942 867 4008 hoc
886 3941 963 4008 lecit
985 3959 1172 4022 summoque
1194 3938 1372 4022 peritorum

274 4073 347 4119 cum
367 4053 493 4137 plausu.
532 4051 661 4127 Tamen
674 4030 821 4116 libellum
841 4050 933 4116 illum
955 4047 996 4115 de
1017 4049 1145 4142 legibus
1167 4067 1231 4112 non
1252 4045 1372 4110 frustra

274 4161 406 4246 scripsit
426 4161 478 4227 vir
496 4160 655 4245 egregius.
688 4159 761 4225 Duo
778 4159 864 4227 enim
879 4157 1130 4243 diligentissima
1151 4174 1216 4239 qua
1237 4153 1319 4220 solet
1340 4157 1372 4218 et

275 4270 538 4355 ingeniosissima
553 4289 630 4336 cura
649 4267 768 4353 docuit,
791 4287 874 4352 quae
896 4267 1070 4333 etiamnum
1090 4272 1256 4333 teneamus
1278 4281 1371 4349 opor·
