3312 4906
792 331 831 393 19

266 521 314 581 θεῖ
335 514 397 579 hoo
419 534 516 599 opere
538 514 613 597 pius
636 532 763 597 semper
785 511 918 578 deorum
933 512 1044 595 oultor,
1066 517 1306 596 peropportune
1329 513 1362 576 in

266 625 371 689 fronte
393 621 595 705 νομοθεσίας
621 628 796 706 praecepta
822 627 993 687 ooourruut
1020 621 1062 687 de
1090 622 1161 688 deis
1189 641 1363 706 eorumque

262 734 355 811 iestis
375 733 499 798 diebus.
536 731 641 815 Atque
660 731 742 797 haeo
764 732 872 796 omnia
894 731 922 795 si
938 731 1149 815 perpenderis
1165 752 1261 815 quarn
1284 753 1363 799 sano

262 843 468 927 sapientique
490 841 603 908 ordine
625 842 805 925 composita
826 841 891 905 sint
919 861 939 904 a
961 841 1127 925 scriptore,
1157 862 1290 909 neeesse
1314 847 1363 908 θεῖ

171 948 174 957 ’
264 973 389 1018 summa
409 953 471 1018 tibi
493 952 616 1017 oriatur
648 950 689 1016 de
722 953 836 1014 7387-7
858 951 1011 1034 suspioio,
1049 969 1132 1033 quae
1164 950 1231 1017 dioi
1251 951 1364 1045 nequit

266 1080 362 1144 quam
384 1066 470 1127 stent
495 1060 556 1125 hoo
584 1061 656 1125 loeo
683 1060 802 1143 inepte.
851 1054 1157 1142 Nam³priusquam
1186 1058 1365 1137 κατοίκισις

262 1163 394 1245 πόλεως
413 1170 500 1234 iaota
522 1175 571 1235 est
593 1169 727 1251 eiusque
749 1169 783 1232 in
803 1172 913 1252 partes
932 1167 1129 1254 distributio,
1149 1190 1215 1236 non
1229 1175 1381 1255 possunt
1439 1190 1443 1194 “

264 1278 335 1344 deis
357 1277 525 1360 adsignari
559 1276 707 1359 singulae
740 1275 830 1342 urbis
864 1281 972 1359 partes
1004 1276 1103 1359 idque
1125 1277 1161 1342 fit
1183 1299 1253 1362 oap.
1275 1278 1363 1344 XIV.

263 1387 390 1453 Deinde
403 1385 482 1469 quid
494 1386 557 1451 sibi
575 1387 687 1452 volunt
705 1386 771 1450 iam
781 1383 835 1450 hio
853 1364 1114 1469 inter'generalia
1129 1386 1211 1453 haee
1231 1387 1272 1454 de
1291 1409 1364 1454 oon-

264 1495 372 1562 denda
380 1495 459 1561 urbe
470 1495 593 1560 monita
600 1494 818 1560 aeouratiores
826 1493 868 1559 de
876 1493 968 1559 iestis
979 1494 1094 1561 diebus
1107 1496 1365 1580 explicationes?

263 1609 481 1691 Expeotamus
493 1625 558 1689 eas,
580 1605 637 1671 ubi
649 1624 763 1670 revera
773 1604 893 1670 adsunt
905 1625 943 1670 eo
955 1604 1084 1670 demum
1094 1607 1166 1672 loeo
1179 1627 1242 1690 quo
1254 1607 1365 1692 legum

264 1717 344 1781 latio
367 1716 483 1800 inoipit
510 1712 554 1799 (p.
578 1711 662 1797 771).
706 1715 773 1781 Sed
804 1715 866 1782 hoo
899 1717 968 1815 sine
1001 1717 1223 1785 admonitione
1253 1727 1365 1788 nostra

265 1827 403 1908 quisque
436 1826 563 1891 sentiet.
619 1818 742 1891 Videas
775 1832 883 1891 autern
917 1847 1000 1909 quae
1028 1828 1131 1894 altero
1161 1831 1232 1895 loeo
1256 1829 1288 1914 (7
1293 1828 1364 1914 71³)

269 1934 362 2017 quasi
383 1953 469 2027 nova
496 1933 631 1998 oonsilio
663 1934 785 2017 optimo
815 1935 1031 2017 continuoque
1062 1939 1295 2004 sententiarum
1315 1961 1366 2005 or-

174 2031 179 2035 ’
266 2041 341 2107 dine
378 2041 601 2125 explanantur,
634 2039 696 2105 hoo
728 2046 838 2106 nostro
872 2043 943 2108 loeo
977 2042 1101 2109 eisdem
1132 2046 1263 2129 quidem
1296 2047 1364 2115 iere

266 2150 382 2233 verbis,
405 2148 463 2215 sed
478 2128 603 2232 ¹frigide
626 2155 657 2215 et
679 2169 783 2233 paene
805 2150 943 2234 abrupte
965 2152 1111 2234 proferri.

331 2258 422 2323 738⁶:
436 2260 508 2334 τοῖς
519 2257 555 2322 δὲ
569 2256 701 2340 μέρεσιν
716 2251 788 2322 ἑκά·
812 2255 816 2340 λ
905 2263 923 2321 7
927 2263 992 2324 71⁰:
1014 2255 1248 2342 πιστεύσαντες
1268 2263 1307 2354 δὴ
1324 2262 1365 2330 τὰ

269 2392 357 2447 στοις
378 2364 463 2434 θεὸν
492 2361 671 2454 ἢδαίμονα
693 2359 714 2452 ἢ
735 2365 790 2430 καί
840 2378 895 2433 νῦν
925 2373 965 2459 τῇ
996 2366 1152 2459 παρούσῃ
1187 2367 1280 2462 φήμῃ
1311 2377 1366 2441 καὶ

267 2501 343 2543 τινα·
365 2472 456 2565 ἥρωα
477 2469 670 2561 ἀποδοτέον,
700 2474 733 2541 έν
754 2473 791 2540 δὲ
840 2473 926 2564 λόγῳ
939 2478 1100 2564 νείμωμέν
1113 2506 1149 2548 τε
1164 2479 1291 2572 ταύτην,
1311 2486 1369 2551 καί

265 2592 306 2678 τῇ
326 2597 384 2675 τῆς
404 2562 462 2674 ίῆς
484 2588 621 2676 διανομῇ
642 2581 790 2671 πρώτοις
842 2583 961 2677 ἑκάστῃ
993 2590 1093 2679 μοίρᾳ
1117 2589 1201 2658 θεὸν
1227 2587 1248 2680 ἢ
1273 2598 1365 2660 θεῶν

268 2698 415 2783 ἐξαίρετα
429 2696 545 2782 τεμένη
562 2697 668 2763 τεκαὶ
683 2691 790 2761 πάντα
841 2701 946 2765 παῖδα
992 2699 1258 2788 ἐπιφημίσαντες,
1299 2707 1366 2785 βω-

266 2804 309 2874 τδ
350 2801 561 2894 προσήκοντα
597 2804 789 2886 ἀποδοτέον,
840 2803 924 2892 μοίς
934 2834 970 2874 τε
985 2809 1039 2875 καί
1050 2809 1090 2875 soi
1101 2806 1231 2889 τοδτοις
1241 2807 1365 2900 προσή-

265 2910 360 2994 ὅπως
397 2909 439 2982 δν
467 2912 619 3001 ξύλλογοι
646 2911 791 2982 ἑκάστων
841 2942 942 2984 κοντα
957 2910 1147 3001 ἀποδόντες,
1160 2925 1290 3001 θυσιῶν
1306 2923 1366 2989 πέ-

266 3017 331 3091 auio
352 3026 463 3109 μερῶν
482 3020 565 3090 κατδ
589 3020 725 3110 χρόνους
746 3049 790 3109 μι-
843 3051 875 3110 ρι
900 3024 1056 3109 ξυνόδους
1078 3028 1131 3094 ἐπ’
1153 3022 1267 3109 αὐτοῖς
1290 3056 1367 3101 ποι-

267 3128 507 3221 γνόμενοιτοδς
521 3134 792 3216 προσταχθέντας
843 3130 962 3220 ῶμεθα
987 3131 1046 3202 δύο
1075 3139 1135 3203 τοῦ
1163 3134 1273 3223 μηνός,
1302 3137 1367 3206 δῶ-

250 3237 317 3322 ,είς
348 3267 384 3308 τε
420 3239 478 3320 τοὶς
513 3243 623 3327 χρείας
655 3238 792 3321 ἑκάστας
842 3248 921 3312 δεκα
942 3247 1001 3330 μέν
1021 3249 1062 3336 τῆ
1084 3255 1144 3333 τῆς
1167 3248 1272 3336 φυλῆς
1297 3250 1366 3314 δια-

267 3344 442 3442 Ιεὖμοίρειαν
454 3346 726 3434 παρασκευάζωσι
737 3351 791 3415 καὶ
843 3357 935 3445 νομῇ,
971 3351 1098 3421 δώδεκα
1130 3354 1166 3422 δέ
1198 3349 1291 3445 adop]
1319 3367 1368 3445 τῷ

269 3459 537 3548 φιλοφρονῶνταί
568 3484 604 3525 τε
636 3456 793 3548 ἀλλήλους
843 3471 902 3550 τῆς
912 3459 1044 3542 πόλεως
1054 3465 1265 3554 διαμερισμῷ,
1274 3470 1368 3534 θεῶν

268 3565 352 3655 μετὰ
375 3575 502 3636 θυσιῶν
530 3569 583 3635 καὶ
610 3566 792 3635 οἰκειῶνται
843 3572 902 3657 μὲν
916 3568 956 3663 δὴ
972 3581 1107 3658 πρῶτον
1127 3568 1259 3658 χάριτος
1273 3572 1367 3642 ἕνεκα

269 3678 323 3744 καί
358 3677 565 3762 γνωρίζωσιν,
604 3664 644 3744 οὗ
681 3679 793 3762 μεῖζον
844 3682 898 3747 καὶ
931 3685 998 3746 τῶν
1029 3682 1107 3766 περὶ
1140 3680 1252 3770 θεούς,
1290 3681 1367 3751 δεύ-

271 3787 365 3853 οὐδὲν
391 3785 488 3853 πόλει
515 3780 642 3873 ἀγαθὸν
671 3781 694 3873 ἢ
714 3812 793 3873 your-
844 3814 940 3876 τερον
954 3791 990 3857 δὲ
1008 3792 1099 3881 ἡμῶν
1118 3785 1231 3860 αὐτῶν
1249 3789 1367 3861 οἰκειό-

271 3897 387 3980 ρίμους
413 3889 531 3974 αὐτοὺς
556 3891 674 3974 αὐτοῖς
695 3888 789 3963 εἶναι.
844 3894 941 3986 τητός
962 3924 997 3965 τε
1017 3899 1095 3985 πέρι
1109 3902 1163 3968 καὶ
1184 3903 1368 3987 γνωρίσεως

272 3999 359 4071 ὅπου
389 4000 449 4089 μδρ
471 3999 517 4091 μή
547 4008 621 4093 φῶς
644 3997 795 4093 ἀλλήλοις
845 4001 1000 4098 ἀλλήλων,
1027 4004 1072 4089 ῶς
1092 4014 1216 4098 φαῖμεν
1240 4001 1288 4089 dv,
1313 4010 1369 4076 καί

272 4112 360 4181 ἐστίν
388 4105 535 4203 ἀλλήλων
566 4114 600 4180 ἐν
625 4120 698 4193 τοῖς
718 4110 795 4199 τρό·
846 4113 974 4203 ὁμιλίας
1004 4116 1098 4184 ἕνεκα
1126 4114 1243 4206 πάσης.
1281 4116 1368 4207 πρδς

273 4247 353 4302 ποις
381 4215 463 4289 uitio}
485 4220 611 4312 σκότος,
644 4218 714 4291 οὔτ’
756 4219 796 4291 δν
846 4225 905 4316 γὰρ
935 4225 974 4318 δὴ
1002 4225 1061 4319 τὴν
1081 4230 1149 4294 τῶν
1169 4224 1281 4315 γάμων
1301 4254 1368 4297 κοι-
