3312 4906
838 360 879 423 42

294 540 510 626 'inpeccatis
532 541 768 608 insanabilibus
793 542 1018 611 excusationes
1043 541 1131 607 velut
1152 542 1335 610 morborum
1359 544 1406 609 in·

312 652 424 717 saniae
447 652 621 718 senectutis
641 652 801 737 pueritiae
815 651 848 732 ¹).
866 692 870 715 ι

411 761 518 827 Taceo
540 760 581 827 de
603 782 651 846 op.
667 761 721 844 IV,
744 781 807 844 quo
827 760 1037 846 philosophus
1059 760 1256 827 medicorum
1277 783 1405 849 compa·

311 871 446 936 ratione¹
458 871 545 935 viam
566 870 695 937 videtur
717 872 921 954 praemunire
944 872 1027 936 inter
1048 870 1229 967 puniendos
1246 878 1279 936 et
1301 892 1405 939 emen-

311 978 436 1045 dandos
459 978 522 1044 sibi
545 978 748 1045 distinoturo.
797 980 867 1045 Hoc
887 1000 964 1045 vero
989 986 1101 1046 notatu
1123 979 1257 1064 dignum
1279 988 1337 1065 est,
1359 988 1405 1047 to-

310 1093 377 1153 tam
396 1088 648 1173 disputationem
669 1107 727 1172 per
749 1108 784 1153 se
799 1087 896 1154 valde
911 1090 1047 1154 otiosam
1062 1097 1094 1154 et
1108 1091 1276 1155 molestam
1290 1093 1406 1157 mirum

309 1203 464 1280 quantum
484 1197 528 1263 ad
539 1196 785 1263 similitudinem
799 1198 970 1263 formatam
981 1218 1054 1264 esse
1072 1200 1190 1285 prioris
1204 1200 1268 1265 loci
1280 1203 1406 1284 720⁸-0,

311 1305 360 1388 (id
381 1306 469 1389 quod
490 1306 652 1373 Susemihl
674 1312 761 1377 recte
782 1306 920 1389 monuit)
933 1298 985 1385 lt‘

410 1414 530 1482 Contra
551 1417 691 1501 pessime
713 1418 967 1483 consarcinantis
989 1416 1040 1498 (ut
1064 1418 1174 1483 statim
1189 1417 1303 1500 dicam,
1319 1418 1419 1501 quod·

310 1527 461 1606 sentiam)
483 1526 638 1591 transitus
657 1531 707 1591 est
728 1525 772 1591 ad
793 1531 890 1609 caput
904 1526 942 1608 V,
964 1525 1021 1591 ubi
1043 1528 1203 1623 expositio
1219 1527 1276 1592 illa
1291 1529 1406 1613 insipit

310 1634 352 1701 de
384 1637 509 1701 ratione
541 1634 718 1720 puniendi:
762 1632 986 1699 Διασκεπτέον
1018 1623 1081 1717 ἀρα
1112 1637 1256 1717 πρῶτον,
1291 1630 1404 1719 ὥσπερ

311 1736 573 1832 ἐπεχειρήσαμεν,
611 1735 754 1825 ἀκριβῶς
790 1741 870 1824 περὶ
899 1744 965 1808 τῶν
996 1766 1033 1808 σε
1066 1738 1322 1826 ἱεροσυλούντων
1352 1744 1407 1809 καὶ

411 2036 437 2105 1)
455 2036 499 2107 Ita
517 2035 605 2105 igitur
623 2036 805 2107 progreditur
833 2035 955 2105 scriptor
978 2036 1006 2089 in
1026 2036 1078 2090 boc
1098 2036 1180 2101 libro,
1200 2035 1248 2106 qui
1275 2038 1319 2089 est
1343 2037 1407 2105 περὶ

310 2126 446 2185 θνσιάτων
463 2135 509 2184 καὶ
526 2125 644 2186 ἀνιάτων
661 2125 941 2202 ἀδικημάτων(854·),
962 2134 993 2185 ut
1011 2131 1130 2199 primum
1143 2130 1178 2184 de
1197 2131 1236 2183 eis
1255 2129 1406 2184 sceleribus

309 2196 542 2296 quibuddaorum
559 2228 673 2281 numina
692 2228 734 2282 vel
752 2228 852 2283 civitas
875 2227 1031 2291 laedantur,
1052 2231 1112 2280 tum
1131 2225 1166 2279 de
1182 2225 1222 2279 eis
1241 2225 1324 2293 dicat,
1335 2242 1406 2294 quae

310 2321 338 2376 in
356 2323 529 2393 singulorum
548 2323 691 2378 hominum
712 2328 761 2378 aut
784 2327 871 2379 vitam
895 2328 944 2379 aut
962 2340 1082 2393 corpora
1099 2323 1319 2377 committantur.
1355 2322 1406 2378 Cui

309 2419 402 2473 ordini
419 2423 475 2473 tam
498 2419 618 2490 sapienti
639 2437 721 2489 qnam
740 2421 887 2490 perspicuo
910 2437 1002 2474 nonne
1019 2420 1080 2488 ipsc
1102 2419 1191 2472 sentis
1214 2435 1297 2488 quam
1311 2418 1406 2487 inepte

307 2515 545 2585 disputatiuncula
562 2515 724 2571 intrudatur
741 2517 775 2571 de
791 2516 887 2571 furto?
907 2516 947 2570 De
959 2515 1053 2570 verbis
1064 2531 1132 2570 vero
1150 2514 1251 2583 quibus
1270 2513 1406 2568 transitus

290 2609 340 2665 .fit
357 2611 393 2666 ad
412 2612 488 2718 leqes
504 2612 539 2666 de
548 2613 663 2667 necibus
678 2611 783 2666 dandas
798 2613 883 2681 (865⁸)
893 2611 994 2666 dubius
1011 2627 1084 2664 sum:
1104 2605 1196 2682 φόνον
1213 2606 1256 2677 δὴ,
1277 2604 1405 2680 καθάπερ

306 2701 457 2781 ἠρξάμεθα,
476 2703 637 2781 πειρώμεθα
661 2704 708 2761 διά
731 2710 824 2766 τέλους
851 2704 954 2767 παντὸς
979 2707 1069 2767 εἴδους
1091 2712 1154 2777 πέρι
1177 2702 1288 2779 [φόνου]
1314 2712 1405 2760 θεῖναι

240 2859 244 2865 ,
305 2800 369 2863 τοὺς
383 2799 493 2880 νόμους.
516 2803 665 2873 Nequeunt
677 2805 751 2858 enim
767 2803 823 2857 tria
834 2803 883 2857 illa
892 2803 1024 2872 capitalia
1035 2802 1154 2857 crimina
1169 2801 1216 2857 hic
1227 2801 1337 2872 respici.
1360 2802 1405 2856 An

307 2892 397 2971 φόνου
413 2902 491 2955 notio
515 2901 599 2954 etiam
617 2897 793 2969 sacrilegium
813 2898 1029 2968 complectitur?
1063 2897 1164 2951 Melius
1183 2894 1229 2951 διά
1252 2900 1345 2957 τέλους
1368 2898 1405 2952 ad

306 2989 433 3066 καθάπερ
455 2992 597 3068 ἠρξάμεθα
615 2995 780 3051 referemus:
810 2996 868 3049 »De
885 3011 953 3050 nece
977 2995 1018 3049 ita
1036 2975 1210 3064 disputenrus
1231 2998 1263 3048 ut
1288 2993 1404 3048 eandem

305 3092 442 3146 rationem
461 3109 515 3161 qua
533 3093 614 3148 initio
633 3093 788 3162 utebamur,
808 3109 894 3162 usque
913 3089 1051 3146 adfinem
1070 3090 1276 3144 adhibeamus«.

406 3187 434 3257 2)
456 3187 540 3242 Enim
567 3206 634 3244 vero
653 3194 682 3244 ct
705 3189 817 3245 initium
839 3164 940 3259 capitis¹
958 3187 1016 3242 fere
1040 3186 1076 3241 ad
1092 3187 1209 3242 verbum
1229 3185 1405 3255 desumptum

306 3299 342 3337 ex
355 3281 401 3353 IV,
419 3285 474 3338 720
485 3288 514 3339 et
525 3285 555 3339 in
570 3286 749 3341 conclusione
758 3286 830 3340 mira
846 3283 1029 3355 congruentia
1041 3283 1167 3337 cernitur
1180 3299 1242 3336 cum
1259 3280 1308 3336 illo
1328 3280 1404 3336 loco:

431 3380 509 3436 7200:
532 3381 567 3437 de
584 3381 700 3437 medicis
1008 3379 1087 3432 859⁸:
1107 3377 1142 3431 de
1159 3375 1278 3447 legibus.
1336 3380 1342 3391 ¹

306 3473 502 3547 προστάξας
525 3477 553 3531 ‹l'
571 3474 644 3548 αὐτῷ
662 3474 695 3531 τά
714 3473 830 3538 δόξαντα
881 3469 951 3527 οὕτω
970 3467 1149 3543 διανοώμεθα
1161 3476 1225 3544 περὶ
1237 3467 1334 3545 νόμων
1344 3473 1405 3528 δεῖν

342 3572 370 3633 ἐξ
387 3572 540 3644 ἐμπειρίας,
559 3572 596 3634 ὡς
613 3569 730 3643 ἀκριβῶς
742 3568 830 3640 ridde,
915 3568 1025 3641 γραφῆς
1039 3573 1187 3638 γίγνεσθαι
1203 3575 1262 3628 ταῖς
1280 3563 1403 3636 πόλεσιν,

341 3660 492 3738 καθάπερ
516 3655 678 3737 τύραννος
700 3664 831 3727 αὐθαδῶς
916 3664 947 3721 ἐν
956 3659 1059 3735 πατρός
1069 3681 1099 3718 τε
1110 3668 1156 3718 καὶ
1164 3661 1267 3738 μητρὸς
1278 3658 1405 3737 σχήμασι

341 3766 469 3832 οἴχεται
486 3757 671 3829 ἀποπηδήσας
692 3760 763 3837 πρρς
783 3757 830 3815 ἀλ·
850 3764 855 3823 'l
916 3753 1070 3830 φιλούντων
1092 3778 1120 3813 τε
1138 3764 1183 3814 καὶ
1199 3761 1266 3815 νοῦν
1283 3755 1404 3831 ἐχόντων

341 3859 389 3912 λον
406 3849 546 3927 κάμνοντα
564 3861 679 3924 οἰκέτην.
739 3878 742 3884 ·
916 3846 1069 3926 φάίνεσθαι
1103 3853 1136 3909 τὰ
1165 3860 1357 3929 γεγραμμένα,
1387 3849 1403 3923 ἢ

916 3948 998 4004 κατά
1016 3945 1180 4024 τύραννον
1198 3945 1402 4018 καὶάεσπότην,

915 4040 1057 4107 τάξαντα
1084 4052 1140 4101 καὶ
1164 4041 1401 4114 ἀπειλήσαντα,

915 4138 1064 4214 γράψαντα
1076 4143 1107 4198 ἐν
1121 4149 1223 4215 τοίχοις
1234 4138 1367 4210 ἀπηλλά
1369 4164 1402 4214 χ·

841 4250 846 4257 ’
917 4246 994 4307 θαις
