3312 4906
389 956 394 964 ,
448 862 778 951 senmurum
811 799 1242 953 couruoruusnn.

393 1076 419 1140 Ι.
463 1075 561 1141 Falso
584 1076 708 1142 Thurot
734 1075 975 1161 (Bibliotheque
997 1076 1039 1142 de
1059 1077 1172 1144 lecolo
1195 1076 1253 1142 des
1274 1076 1422 1159 hames,

295 1181 410 1247 dtudes
437 1182 514 1248 fasc
539 1181 592 1264 17)
625 1184 659 1248 in
692 1181 893 1249 emendando
917 1182 1083 1249 Ciceronis
1110 1183 1152 1250 de
1179 1184 1245 1248 lato
1276 1184 1392 1249 libello

293 1288 535 1372 respiciendum
558 1308 630 1355 esse
656 1288 742 1354 dixit
773 1288 918 1354 codicem
940 1288 1170 1355 Turonensem.
1223 1288 1282 1353 Est
1304 1289 1390 1354 enim

189 1396 195 1407 ’
292 1395 555 1462 Vindobonensis
579 1394 800 1479 apographon

395 1504 437 1568 II.
482 1503 646 1587 Theognis
679 1506 719 1566 22
746 1499 891 1585 (Bergk)
908 1485 972 1566 ὦδε
994 1499 1027 1564 d'
1034 1495 1237 1577 ἕκαστος
1221 1503 1290 1581 ερεῖ
1311 1501 1390 1566 scri·

293 1609 444 1677 bendum.

391 1720 451 1785 III.
494 1720 719 1786 Nimisadhuc
740 1722 908 1804 neglectae
931 1720 1036 1785 sunt
1027 1740 1061 1785 ιιι
1082 1719 1199 1785 studns
1210 1719 1390 1786 Platonicis

293 1829 501 1910 quaestiones
524 1826 564 1894 de
586 1829 765 1912 particulis,
787 1829 1001 1911 gravissimae
1023 1828 1099 1893 ullae
1111 1826 1243 1909 qurdem
1258 1827 1301 1892 ad
1315 1846 1389 1893 con-

292 1935 500 2002 ituendum·
511 1934 657 2001 ordinem
677 1935 888 2018 dialogorum
915 1935 1013 2001 Velut
1034 1934 1147 2001 eadem
1168 1937 1303 2017 ratione,
1324 1953 1389 2016 qua

197 2119 201 2129 ⁸
291 2044 500 2109 crebrescunt
523 2043 704 2128 particulae
718 2044 949 2151 restringentes
961 2037 1091 2125 (σχεδὸν
1105 2041 1200 2127 ιίιιι.,)
1222 2047 1389 2110 rarescunt

293 2151 420 2234 logicae
443 2139 522 2233 (doc
544 2149 639 2235 sim..)
1170 2172 1172 2176 “
1464 2235 1465 2239 ¹

389 2258 444 2324 IV.
488 2258 640 2326 Alienum
661 2261 747 2326 ab‘'
725 2281 767 2326 ns
789 2261 920 2347 scrrptrs
930 2261 1117 2343 Platonicis,
1139 2224 1222 2342 quae
1243 2254 1416 2341 periecta'

291 2372 360 2433 arte
384 2369 564 2451 composita
586 2375 668 2451 sunt,
691 2367 863 2451 λεγόμενος
888 2368 1096 2452 participium
1119 2366 1166 2431 ita
1197 2371 1388 2448 usurpatum

289 2481 325 2541 ιιι
347 2475 390 2540 sit
411 2474 471 2558 „de
494 2493 558 2557 quo
581 2474 774 2541 dictumt
725 2472 793 2541 est“
794 2525 801 2540 .

389 2582 427 2647 V.
474 2581 630 2654 Politicus
654 2583 803 2666 dialogus
824 2583 971 2649 Platonis
1003 2586 1042 2647 e‘o
1077 2580 1213 2646 consilio
1246 2579 1387 2662 scriptus

290 2698 349 2774 est,
369 2697 405 2755 ut
425 2689 613 2755 detenderet
626 2696 728 2756 artem
750 2690 1042 2772 methodologicam
1057 2690 1126 2754 sive
1138 2686 1386 2753 dichotomieam

289 2800 324 2863 in
345 2797 500 2882 Sophiste
520 2796 709 2880 adhibitam.

350 2892 353 2897 ’
388 2905 443 2970 VI.
484 2905 576 2970 Falsi
598 2912 864 2972 commentatores
876 2905 1063 2970 Lucretiani
1085 2905 1119 2969 in
1141 2902 1384 2989 interpretando

286 3013 468 3097 ‘participio
500 3009 681 3096 „coniulta“
715 3008 822 3096 (Lucr.
846 3013 888 3098 Π,
913 3010 977 3096 98).
1021 3013 1127 3078 Vertit
1159 3013 1386 3078 enim-Lucre·

288 3122 353 3187 tius
374 3119 436 3187 hoc
456 3121 556 3187 verbo
570 3120 766 3204 Epicuream
788 3119 897 3205 (Diog.
921 3121 1027 3187 Laert.
1047 3121 1089 3204 X,
1112 3123 1163 3187 44.
1185 3112 1386 3204 ὑπερείσεως

287 3227 326 3295 ci.
347 3231 399 3311 42,
422 3226 476 3312 50)
498 3230 670 3295 notionem.

385 3334 457 3400 VH.
499 3334 711 3401 LucretHv.
723 3337 764 3401 98
784 3335 973 3420 legendum:
993 3385 1026 3402 ..
1047 3336 1175 3421 magnis
1195 3341 1386 3402 convecta

288 3444 454 3527 resultant,
475 3464 506 3510 v,
530 3448 634 3509 1012.
660 3493 667 3510 .
690 3444 1076 3510 intervallisconiulte
1098 3446 1264 3510 resultant.

385 3552 474 3618 VIII.
502 3554 719 3637 Detempore,
732 3551 1267 3637 quoSenecaphilosophusconsul
1275 3552 1385 3634 luerit,

288 3661 369 3726 certi
386 3659 564 3744 quidquam
578 3680 620 3726 ne
631 3660 854 3744 Borghesiana
868 3659 999 3742 quidem
1013 3661 1137 3726 ratione
1153 3660 1302 3726 effectum
1324 3664 1382 3724 est.

388 3769 448 3833 IX.
491 3767 608 3834 Studia
629 3788 714 3850 quae
735 3772 904 3833 versantur
931 3768 965 3832 in
996 3766 1134 3832 historia
1154 3766 1383 3851 philosophiae

286 3896 424 3960 graecae
436 3896 533 3959 quam
550 3876 707 3942 acerrime
722 3874 927 3942 defendenda
940 3895 961 3940 a
982 3875 1162 3941 rationibus
1174 3895 1255 3957 quas
1266 3875 1384 3942 Teich-

286 3986 400 4052 mdller
420 4003 524 4068 nuper
544 3985 715 4069 proposuit
734 3984 768 4049 in
787 3983 871 4049 libro
893 3982 967 4067 „die
988 3981 1190 4066 platonische
1210 3980 1346 4066 Frage“.

377 4848 401 4855 Α
516 4622 921 4856 Ἷ
