3312 4906
816 328 1046 447 asn'

284 531 468 598 duodecimi
500 531 607 615 capite
639 536 752 597 octavo
785 528 1032 613 disputavimus,
1064 548 1129 595 non
1161 549 1182 594 a
1214 549 1249 595 re
1270 530 1379 596 aliena

284 637 1378 722 videbituroouiecturamea,Platoneminlibronmultouberius

285 749 326 816 de
341 748 472 815 iudiciis
482 749 624 814 voluisse
635 767 740 831 agere.
763 746 934 830 Videbitur
948 747 1048 829 igitur
1060 746 1165 812 editor
1177 746 1226 827 (in
1238 767 1380 813 errorem

284 856 399 924 ductus
420 858 558 923 tortasse
579 876 638 940 per
660 856 751 939 7680)
773 860 876 923 totum
900 853 961 920 hoc
982 855 1119 921 alterum
1141 860 1238 940 caput
1259 875 1301 922 ex
1322 854 1379 921 ad-

284 971 374 1032 notat
327 966 504 1033 dationibus
526 966 746 1049 composuisse
778 984 859 1047 quas
890 964 985 1029 Plato
1006 963 1051 1029 ad
1070 964 1125 1048 VI,
1165 966 1202 1028 13
1235 964 1379 1047 adscrip-

284 1081 435 1158 serat,u
435 1075 510 1140 tsi
531 1074 681 1140 secundis
711 1074 832 1139 curist
834 1078 921 1138 otum
943 1092 1023 1157 opus
1045 1078 1266 1157 pertractaret,
1243 1071 1379 1139 thaec

172 1218 204 1272 Ἰ·
285 1184 393 1249 omnia
413 1183 457 1249 ad
478 1203 574 1248 unam
596 1183 809 1264 conlormaret
796 1153 963 1267 tdisputa
963 1182 1093 1246 tionem
1131 1179 1328 1247 Omnest
1271 1186 1328 1247 aut
1329 1201 1395 1247 em¹

284 1294 330 1359 alt
317 1293 417 1359 terius
450 1293 538 1376 capit
539 1293 567 1357 is
599 1298 709 1377 partes
741 1292 818 1356 olim
839 1290 946 1375 priori
973 1291 1072 1356 alicui
1106 1290 1178 1356 loco
1200 1289 1379 1356 destinatas

283 1403 384 1493 luisse
406 1400 555 1466 ‘indicari
586 1400 715 1466 ridetur
748 1401 846 1465 etiam
867 1400 961 1464 initio
994 1400 1111 1482 capitis
1146 1392 1218 1479 (ὅτε
1240 1397 1276 1463 δὲ
1296 1397 1379 1483 μέρη

284 1507 459 1595 διείρηνται
480 1511 537 1597 τῆς
569 1503 701 1586 πόλεως
724 1502 950 1592 ξυμπάσης(
937 1502 999 1572 όσα
1030 1529 1066 1571 τε
1088 1505 1142 1571 καὶ
1162 1532 1184 1570 α
1165 1497 1257 1571 udei
1278 1505 1380 1591 γίγνε-
1452 1557 1457 1565 .

284 1624 397 1685 σθαι.
420 1616 442 1700 .)
465 1618 567 1684 diffict
554 1624 587 1684 to
602 1624 689 1684 certe
703 1639 757 1684 mu
758 1619 891 1701 tiloque,
914 1618 1005 1682 cuius
1019 1617 1125 1741 prima
1141 1616 1242 1682 verba
1261 1616 1392 1682 librum·

284 1729 403 1811 quint
408 1748 468 1794 nm
489 1727 668 1812 respiciunt
680 1726 716 1808 ¹.)

384 1836 459 1902 Soio
492 1836 553 1901 hoc
586 1856 657 1902 esse
678 1822 879 1920 ludere,et
866 1834 1013 1899 tlibent
999 1839 1050 1899 ter
1080 1832 1140 1898 has
1173 1831 1344 1898 difficultat
1331 1836 1380 1897 tes
1436 1907 1439 1913 ¹

284 1946 430 2011 faciliore
451 1946 577 2011 ratione
596 1922 796 2029 expedienti
806 1944 927 2011 cedam.
971 1944 1095 2010 Tamen
1109 1941 1276 2007 abundare
1298 1938 1380 2006 diffi-

285 2055 459 2121 cultatibus
491 2059 588 2138 caput
620 2059 791 2137 utrumque
823 2074 917 2120 nemo
939 2072 1037 2118 sanus
1059 2051 1199 2136 negabit.
1249 2050 1300 2115 Dc
1332 2050 1380 2115 eis

285 2169 402 2246 autem,
424 2182 506 2245 quas
528 2164 562 2227 iu
584 2164 691 2247 eapite
712 2163 821 2248 priore
843 2150 1014 2245 essevidi,
1036 2180 1140 2245 pauca
1162 2159 1378 2224 submoneam

388 2271 532 2364 Primum
564 2270 786 2351 desideramus
818 2271 952 2337 verbum
974 2267 1131 2352 ἐκλεκτοῖς
1156 2287 1240 2350 quae
1262 2267 1378 2333 summi

286 2380 400 2447 iudicii
423 2380 617 2464 significatio
631 2387 747 2464 postea
767 2381 861 2463 quasi
883 2381 994 2445 tritum
1007 2398 1125 2446 nomen
1146 2383 1179 2442 ιι
1200 2376 1379 2442 stabilitum

286 2491 437 2557 occurrit:
471 2488 549 2554 946‘1
575 2485 622 2565 εἰς
653 2484 730 2568 τούς
751 2486 921 2565 blanzaco
944 2481 1098 2563 δικαστὰς
1121 2480 1277 2569 εἰσαγέτω
1299 2479 1376 2560 τοὺς

285 2588 447 2676 εὐθύνους
482 2602 558 2664 948⁰
591 2597 677 2681 πρὸς
709 2596 745 2663 δὲ
776 2590 906 2674 τούτοις
937 2595 975 2662 τό
1005 2597 1071 2659 τῶν
1104 2593 1263 2660 ἐκλεκτῶν
1291 2592 1381 2658 δικα-

285 2701 422 2792 στήριον
443 2707 521 2774 956⁶
543 2674 726 2792 dydrco'pdv
758 2705 815 2773 ἐπὶ
835 2702 913 2784 τούς
934 2701 1086 2781 δικαστὰς
1107 2697 1185 2783 τούς
1206 2696 1380 2779 ἐκλεκτούς

285 2811 343 2902 τὴν
365 2816 465 2902 δίκην.
1208 2872 1212 2879 ,

389 2927 518 2995 Deinde
549 2929 683 2994 moleste
704 2927 772 2994 iero
794 2926 882 3010 quod
904 2945 1151 3010 agronomorum
1173 2930 1205 2990 et
1226 2922 1381 2990 aedilium

287 3035 410 3102 iudicia
431 3056 472 3102 ne
493 3037 592 3102 verbo
607 3038 740 3120 quidem
762 3042 1058 3119 commemorantur,
1081 3036 1128 3099 ita
1149 3039 1184 3100 ut
1209 3034 1305 3117 plane
1327 3051 1381 3096 ne·

287 3146 437 3229 sciamus,
459 3165 544 3228 quae
558 3146 643 3212 inter
654 3145 715 3212 hoo
738 3145 894 3214 iudicium
908 3150 941 3210 et
955 3145 1082 3228 reliqua
1092 3143 1178 3209 ratio
1194 3139 1382 3207 intercedat.

287 3252 353 3320 Sed
375 3255 506 3338 gravius
528 3260 587 3336 ιιι,
620 3254 709 3337 quod
736 3255 864 3339 exposit
865 3254 897 3320 io
851 3253 961 3318 tde
983 3271 1229 3336 agrouomorum
1251 3248 1382 3315 iudiciis

287 3374 418 3446 prorsus
451 3363 614 3448 discrepat
645 3364 795 3449 acapite
762 3363 901 3435 tXllI
933 3361 1036 3427 hac
1027 3382 1061 3426 m
1093 3381 1145 3426 ιι.
1177 3360 1269 3454 legas
1297 3358 1383 3424 enim

287 3450 404 3536 locum
411 3471 496 3537 hunc
510 3471 607 3538 valde
621 3472 864 3539 memorabilem
885 3469 1009 3556 (767⁰):
1034 3463 1089 3535 ἐὰν
1111 3466 1147 3532 δέ
1167 3491 1218 3544 τις
1239 3464 1383 3532 ἐπαιτιᾶ-

286 3576 341 3644 ταί
362 3602 434 3644 τινα
463 3574 578 3645 ἑκόντα
598 3574 719 3659 ἀδίκως
739 3583 847 3663 κρῖναι
866 3579 924 3667 τὴν
945 3571 1096 3663 ὄίκην,’
1069 3600 1117 3654 εις
1136 3570 1215 3654 τούς
1236 3566 1383 3661 νομοφύ-

388 3746 415 3818 1)
433 3747 583 3819 Sequentia
609 3766 675 3804 vero
694 3749 791 3805 verba:
819 3752 865 3803 καὶ
889 3733 973 3821 ’νόῇιοι
998 3749 1062 3818 περὶ
1084 3746 1140 3800 τῶν
1156 3745 1328 3816 supputator
1346 3744 1384 3801 etr

287 3837 407 3916 δύναμιν
433 3845 489 3899 τῶν
513 3850 655 3918 μεγίστων
672 3850 736 3917 πέρι
754 3840 867 3901 πάντων
892 3850 1008 3916 εἴρηνται
1037 3861 1086 3900 ιιι
1112 3859 1147 3897 ex
1172 3839 1267 3895 multis
1294 3837 1393 3893 totius
1465 3911 1472 3927 1

286 3941 378 4010 operis
397 3939 488 3996 titulis
511 3958 597 3995 unum
614 3942 693 4011 quasi
717 3943 877 4012 decerpant,
905 3941 953 4011 qui
976 3957 1030 3996 nec
1053 3937 1196 4010 praecedit
1213 3951 1303 4004 nequa
1319 3949 1383 3990 cum

287 4036 340 4091 hcc
364 4037 456 4106 capite
479 4022 562 4092 sensu
585 4037 726 4109 cohaeret,
747 4020 855 4107 nequit'
868 4038 1002 4109 intellegi
1046 4036 1166 4094 Videtur
1189 4033 1277 4104 igitur
1298 4030 1383 4087 etiam

286 4132 333 4189 hic
351 4133 445 4188 editor
461 4133 647 4205 interpolator
664 4134 758 4202 luisse,
781 4136 829 4205 qui
853 4134 917 4190 huic
934 4134 997 4189 loeo
1014 4132 1172 4204 fragmenta
1189 4129 1238 4185 illa
1257 4144 1384 4184 accomo-

286 4228 402 4285 daverit.
