3312 4906
267 572 387 638 iniuria
408 572 610 664 Hermannus
633 570 785 636 eaneellis
807 570 947 651 inclusit,
983 569 1090 653 „quod
1122 572 1193 637 sine
1225 573 1362 639 articulo

267 701 364 764 aegre
397 700 470 746 eum
492 679 702 762 sequentibus
725 676 846 744 eoeat“.
893 678 977 743 Nam
1000 698 1072 743 eum
1105 679 1140 744 id
1160 681 1365 763 potissimum

266 791 467 873 vituperetur
488 790 523 853 in
537 788 673 870 reliquis
695 786 892 866 civitatibus,
914 785 1002 869 quod
1024 808 1089 852 non
1103 808 1201 854 unam
1215 789 1364 855 eandem-

231 908 235 915 ’
266 917 330 980 que
352 917 479 981 semper
511 903 686 979 sequantur
720 896 800 962 iusti
829 895 970 978 bonique
1002 915 1156 979 normam,
1190 895 1249 962 sed
1269 898 1364 980 quasi

267 1005 439 1071 multitudo
473 1006 516 1072 sit
538 1010 571 1071 et
590 1005 732 1070 varietas
765 1004 925 1086 quaedam
947 1003 1148 1070 diversorum
1170 1003 1365 1088 ‚,b0n0rum“

267 1115 334 1180 alia
354 1115 454 1180 aliam
480 1114 545 1179 sibi
570 1119 676 1187 sumat
700 1113 777 1178 boni
802 1102 944 1195 iustique
967 1113 1113 1196 regulam
1142 1111 1249 1195 (962‘12
1283 1117 1365 1177 θαι-

266 1216 392 1304 μαοιὸν
421 1213 515 1286 οὐδὲν
535 1221 725 1285 πλανᾶσθαι
747 1216 788 1285 τὰ
809 1222 876 1284 τῶν
899 1214 1031 1285 πόλεων
1052 1215 1183 1303 νόμιμα,
1206 1215 1258 1286 ὅτι
1279 1216 1366 1305 πρὸς

265 1319 345 1393 ἄλλο
368 1319 448 1414 ἄλλη
461 1328 578 1411 βλέπει
597 1331 664 1393 τῶν
686 1331 896 1411 νομοθεσιῶν
916 1327 950 1393 ἐν
969 1330 1010 1417 τῇ
1036 1321 1134 1393 πόλει
1154 1322 1296 1416 ἑκάστῃ),
1318 1331 1366 1396 ita

266 1438 347 1505 haee
379 1439 571 1523 accipienda
601 1438 766 1505 videntur:
800 1457 903 1522 „quae
936 1436 1123 1522 discrepant
1153 1460 1174 1504 a
1203 1445 1281 1504 nota
1309 1440 1366 1505 illa

267 1547 474 1614 multitudine
496 1567 580 1630 quae
603 1554 652 1613 est
684 1549 719 1612 in
751 1547 1043 1630 reliquis'urbibus
1065 1545 1250 1613 bonorum“.
1286 1547 1365 1613 Ver·

266 1655 399 1722 ter'rdum
420 1662 470 1721 est
492 1657 592 1739 igitur
612 1650 653 1719 τὰ
674 1651 782 1720 πολλὰ
798 1653 831 1720 ἐν
855 1657 928 1731 ταῖς
948 1639 1069 1720 πόλεσι
1090 1653 1199 1719 δίκαιον
1219 1676 1284 1721 non
1305 1657 1365 1721 ita:

267 1765 355 1847 „Das
365 1754 481 1830 Meiste
502 1785 566 1829 von
582 1764 664 1846 dem,
687 1783 756 1830 was
773 1763 905 1847 gereeht
921 1765 964 1829 ist
987 1765 1022 1829 in
1043 1763 1108 1829 den
1121 1761 1288 1848 St‘adten“‚
1307 1764 1366 1831 sed

267 1873 345 1956 „das
365 1873 545 1957 viell‘altige
560 1872 719 1938 Gereehte
735 1874 769 1937 in
784 1873 847 1938 den
864 1870 1034 1948 Stadten;“
1054 1872 1092 1937 el.
1105 1872 1187 1937 Tim.
1203 1876 1262 1936 54⁰
1276 1870 1366 1936 τιθέ-

266 1985 358 2062 μεθα
376 1980 403 2045 d’
425 1967 483 2046 οὖν
501 1980 568 2044 τῶν
586 1980 719 2046 πολλῶν
738 1975 904 2065 τριγώνων
915 1974 1089 2045 κάλλιστον
1105 1976 1152 2045 ἔνι
1163 1980 1295 2048 Phaedo
1308 1985 1364 2046 88²

266 2083 311 2175 μὴ
333 2080 373 2154 οὗ
394 2092 510 2154 πονεῖν
530 2080 634 2177 αυίἦν
659 2086 797 2174 (ψυχήν)
820 2088 854 2154 ἐν
874 2092 947 2166 ταῖς
969 2088 1111 2166 πολλοῖς
1129 2087 1260 2172 γένεσιν.
1300 2088 1367 2157 Sed
1385 2098 1398 2111 ”

267 2198 308 2264 de
329 2199 428 2265 totius
451 2198 563 2265 dubito
579 2199 737 2265 enuntiati
757 2199 953 2281 integritate.
989 2198 1124 2282 Dupliei
1139 2199 1226 2264 enim
1240 2199 1366 2264 ratione

266 2308 400 2393 partitio
422 2306 503 2372 haee
535 2303 575 2369 ιά
597 2305 657 2389 μὲν
678 2300 805 2391 εἴρηται
825 2302 867 2370 τὰ
891 2306 920 2370 d’
945 2302 994 2370 ἔτι
1028 2301 1114 2389 πρὸς
1135 2308 1183 2392 τῷ
1203 2305 1290 2370 τέλει
1311 2298 1367 2391 ῥηὲ

267 2408 411 2500 abactas
442 2421 548 2501 petest
570 2416 724 2500 intellegi.
775 2416 860 2480 Nam
890 2420 948 2481 aut
980 2415 1021 2480 de
1053 2421 1191 2498 utreque
1221 2415 1365 2483 membro

268 2525 336 2589 alia
356 2524 445 2589 dieta
465 2542 554 2606 esse·
568 2524 635 2589 alia
656 2524 778 2589 dietum
806 2524 847 2588 iri
869 2522 1082 2607 contenditur,
1111 2528 1168 2615 aut
1195 2522 1366 2610 deprime

268 2630 468 2716 disputatum
501 2651 581 2714 esse,
614 2633 750 2708 alterum
781 2638 906 2698 restare
938 2637 974 2696 ut
1006 2631 1207 2697 discutiatur.
1250 2614 1366 2714 ¹Atque

267 2739 351 2805 hane
365 2742 524 2807 rationem
538 2742 566 2805 si
582 2741 756 2824 sequimur,
775 2739 930 2806 habemus
946 2740 1088 2822 quidem,
1110 2760 1173 2822 quo
1188 2741 1365 2807 referamus

268 2850 358 2933 prius
379 2849 557 2915 membrum
579 2843 640 2913 ὅσα
662 2847 698 2913 δὲ
724 2846 802 2931 περὶ
823 2872 857 2913 τε
877 2844 969 2932 σιγὴν
984 2847 1008 2928 ¹)
1030 2869 1057 2914 e.
1073 2868 1103 2930 q.
1126 2869 1150 2914 s.
1172 2868 1277 2931 neque
1298 2869 1364 2914 anr-

243 2991 245 2995 .
268 2957 424 3042 bigemus,
457 2978 520 3041 quo
543 2963 667 3041 spectet
688 2958 865 3025 membrum
887 2958 1023 3023 alterum
1046 2956 1160 3040 (962⁶).
1197 2957 1264 3024 Sed
1284 2958 1366 3023 mire

204 3076 207 3083 '
268 3071 335 3132 tum
356 3068 538 3151 neglectum
559 3073 619 3147 est,
650 3066 739 3148 quod
771 3067 805 3131 in
837 3065 952 3131 eadem
984 3048 1175 3148 quaestione
1205 3067 1273 3132 lere
1306 3066 1366 3131 toti

187 3233 192 3244 .
267 3176 479 3254 versabantur
500 3180 566 3240 tres
587 3176 685 3259 primi
700 3175 777 3240 libri
800 3180 832 3240 et
853 3175 979 3257 reliquo
1001 3176 1124 3259 passim
1145 3195 1243 3260 opere
1265 3175 1367 3241 multa

268 3284 309 3350 de
338 3303 377 3349 ea
405 3289 617 3368 exponuntur.
669 3282 855 3349 Statuamus
878 3296 955 3366 ergo
988 3283 1029 3349 de
1064 3289 1202 3367 utroque
1222 3283 1366 3348 membro

267 3394 377 3460 valere
398 3393 613 3478 partitionem.
650 3392 733 3458 Tum
747 3412 824 3458 vere
845 3392 966 3458 lmstra
979 3392 1157 3475 quidquam
1178 3392 1219 3457 de
1235 3391 1365 3458 silentio

216 3572 219 3577 ⁴
267 3597 334 3664 μίας
350 3596 396 3645 καὶ
416 3588 584 3662 τούναντίον,
609 3594 655 3645 καὶ
678 3587 732 3645 ὅσα
750 3586 929 3663 παραλλάττει
946 3592 1002 3647 τῶν
1018 3592 1130 3646 πολλῶν
1147 3591 1178 3646 ἒν
1197 3597 1256 3649 ταῖς
1275 3584 1367 3650 ἄλλοις

267 3682 366 3742 πόλεσι
384 3689 497 3744 δικαίων
515 3692 560 3742 καὶ
577 3686 703 3758 ἀγαθῶν,
728 3684 761 3740 τὰ
781 3687 837 3759 μὲν
855 3693 964 3759 εἴρηται,
986 3685 1019 3741 τὰ
1044 3688 1070 3740 d’
1088 3688 1127 3741 ἔτι
1152 3684 1222 3758 πρὸς
1238 3687 1277 3757 τῷ
1295 3689 1365 3741 τέλει

269 3771 424 3855 ῥηθήσεται
454 3781 525 3857 πρὸς
542 3780 560 3837 ἃ
579 3779 669 3839 πάντα
693 3780 748 3856 χρὴ
774 3780 824 3839 τὸν
850 3786 985 3855 μέλλοντα
1009 3780 1141 3850 δικαστὴν
1163 3789 1226 3838 ἴσον
1250 3784 1366 3837 ἔσεσθαι

267 3877 334 3933 κατὰ
359 3880 439 3948 δίκην
457 3883 569 3949 βλέπειν
597 3897 626 3934 τε
653 3883 890 3952 καὶαεκτημένον
920 3874 1071 3952 γράμματα
1098 3875 1188 3935 atres
1214 3883 1276 3949 πέρι
1296 3895 1366 3950 μαν·

267 3970 371 4033 θάνειν.

367 4076 395 4148 l)
414 4078 487 4144 766⁶,
500 4072 577 4145 876'23
598 4076 648 4130 sed
661 4075 714 4131 hoe
723 4075 874 4130 tenendum
885 4075 1004 4146 proponi
1015 4077 1125 4129 tantum
1137 4074 1290 4143 leviterque
1302 4089 1363 4144 per·

273 4173 374 4245 stringi
390 4174 435 4230 his
453 4174 522 4231 loeis
541 4152 612 4231 hanc
629 4174 830 4244 quaestionem,
848 4188 983 4243 nusquam
999 4187 1065 4226 vero
1083 4171 1195 4240 plenam
1212 4185 1264 4223 nos
1282 4169 1368 4239 serip-

273 4269 345 4326 toris
362 4271 397 4326 de
418 4271 470 4327 hae
488 4288 520 4327 re
537 4269 704 4328 sententiam
720 4268 883 4340 eomperire.

1162 4382 1178 4436 Β

1470 4460 1648 4743 μ
