3312 4906
789 377 825 440 ll

260 561 414 646 peculii
443 559 624 643 adquirere.
671 560 862 626 Aristoteles
894 566 1001 626 autem
1033 551 1356 646 reinterpretatus

261 671 464 753 quintuplum
478 670 578 735 licere
591 669 679 735 dicit.
701 669 850 752 Denique
864 674 972 754 potest
986 671 1058 753 ipse
1068 668 1268 751 Aristotelen,
1283 687 1355 733 oum
1376 735 1378 738 .

260 778 341 844 haec
352 778 517 861 scriberet,
528 778 569 844 de
581 779 714 844 summis
725 784 757 844 et
767 778 1356 863 minoribnsmagistratibuscogi-

260 893 356 970 tasse,
380 889 409 953 si
426 908 576 970 magnam
593 889 817 955 auctoritatem
828 889 1033 972 respiciebat,
1046 907 1129 970 quae
1141 888 1272 954 senibus
1284 906 1356 970 per·

259 997 363 1062 lectae
374 996 567 1062 eruditionis
582 997 676 1079 quasi
691 997 961 1079 gubernatoribus
972 998 1071 1062 totius
1090 998 1138 1061 rei
1154 996 1305 1079 publicae
1322 996 1356 1060 in

258 1104 323 1170 tine
334 1105 410 1169 libri
421 1103 605 1171 duodecimi
616 1107 776 1171 tribuitur.
810 1088 917 1184 Quare
928 1107 1028 1173 nolim
1039 1107 1223 1173 testimonio
1234 1104 1356 1170 Aristo-

261 1216 367 1299 telico,
390 1215 477 1297 quod
494 1217 528 1281 in
549 1222 734 1283 transcursu
750 1219 928 1300 parumque
942 1218 1091 1283 accurate
1112 1216 1242 1282 videtur
1257 1215 1357 1297 scrip-

191 1396 193 1401 ,
261 1329 328 1390 tum
355 1343 436 1407 esse,
469 1325 516 1389 ita
546 1325 691 1391 abutaris
718 1332 753 1391 ut
781 1326 932 1392 conisus
955 1326 1064 1391 deleas
1086 1317 1234 1406 μεγάλας,
1267 1323 1366 1407 quod·

261 1434 382 1517 optimo
404 1434 543 1500 traditur
570 1435 691 1519 codice,
724 1456 788 1518 quo
810 1436 1048 1520 oppositionem
1070 1434 1209 1501 similem
1230 1434 1355 1499 nancis-

262 1543 355 1608 caris.
405 1542 540 1610 Accedit
569 1530 656 1627 quod
685 1544 766 1612 haec
780 1544 951 1629 oppositio
979 1564 1093 1628 parum
1122 1549 1200 1627 apta
1226 1542 1355 1609 videtur

262 1652 397 1717 oonsilio
420 1653 597 1735 scriptoris,
625 1654 681 1735 qui
704 1673 814 1718 omnes
837 1654 924 1719 cives
951 1652 1064 1718 eadem
1087 1650 1234 1717 doctrina
1255 1651 1357 1716 imbui

263 1760 352 1824 iubet
384 1766 416 1827 et
449 1762 597 1827 omnibus
628 1761 753 1827 civibus
779 1760 902 1827 aditum
923 1762 1051 1845 paravit
1079 1760 1123 1826 ad
1146 1762 1355 1845 magistratus

263 1867 351 1950 (nam
373 1868 414 1935 de
441 1871 544 1935 servis
573 1875 605 1936 et
626 1870 808 1953 peregrinis
833 1890 927 1935 nemo
956 1870 1010 1935 hic
1032 1867 1209 1952 cogitabit).
1253 1869 1360 1934 Tene·⁴

4 2028 5 2035 ,
130 2062 140 2071 ·
262 1995 352 2042 amus
375 1977 474 2059 igitur
500 1976 555 2060 agi
586 1976 648 2042 hoc
679 1979 751 2043 loco
784 1976 825 2043 de
855 1997 895 2043 ea
922 1978 1138 2060 distinctione,
1171 1996 1267 2059 quam
1298 1996 1357 2042 nos

263 2105 361 2169 supra
383 2085 645 2169 significavimus.
689 2086 908 2170 Segregantur
926 2086 1078 2151 nimirum
1093 2087 1124 2150 61
1140 2086 1358 2170 magistratus,

263 2194 319 2276 qui
333 2194 453 2277 peritia
463 2200 590 2261 'tantum
603 2202 700 2277 atque
715 2196 892 2260 calliditate
908 2193 1047 2277 quadam
1065 2195 1212 2259 instructi
1226 2214 1359 2261 munere

264 2321 322 2367 sno
336 2303 511 2386 iungantur
524 2305 620 2386 eique
635 2305 691 2385 qui
705 2324 783 2369 vera
797 2305 1009 2386 absolutaque
1024 2303 1205 2369 eruditione
1220 2308 1358 2369 utantur.

263 2399 1359 2495 Α166616116611116ρ61616116116111161111ξσνᾶ1ηθῆ611111-
1436 2468 1439 2473 ,
1500 2419 1503 2422 “

264 2513 390 2602 σσήμην
410 2519 650 2586 distinctionem
669 2522 703 2605 in
717 2522 880 2605 prioribus
903 2522 1033 2604 scriptis
1054 2527 1164 2586 notum
1187 2525 1244 2585 est.
1286 2519 1357 2585 Hoc
1456 2533 1459 2539 ’

266 2629 445 2710 posteriore
456 2649 554 2713 opere
561 2630 694 2695 retinuit
702 2629 832 2711 quidem
844 2631 982 2713 scriptor
992 2630 1132 2714 priorem
1140 2630 1230 2694 illam
1241 2627 1357 2693 doctri-

151 2825 157 2830 ·
265 2754 349 2820 nam,
379 2736 438 2802 sed
460 2732 664 2821 dignum'est
686 2738 773 2820 quod
794 2738 944 2804 advertas
957 2737 1117 2820 animum,
1140 2757 1236 2820 quam
1257 2736 1355 2802 anxie

264 2845 364 2912 verba
384 2844 446 2911 hac
465 2845 676 2911 (1616166616
699 2847 948 2913 6111616111..,Ι11
969 2852 1037 2913 toto
1054 2844 1369 2926 611666116111116,-

178 3020 181 3025 .
268 2956 324 3036 qui
341 2959 391 3021 est
405 2954 447 3019 de
466 2942 711 3036 magistratibus
732 2975 773 3020 ne
793 2956 892 3021 verbo
911 2955 1041 3037 quidem
1068 2955 1219 3037 tangitur.
1252 2952 1360 3019 Semel

268 3064 372 3146 primo
386 3063 470 3128 libro
485 3069 750 3129 commemoratur
771 3064 797 3146 I,
819 3067 897 3128 6112ο
920 3056 1074 3145 (κατιδών
1094 3059 1130 3126 δὲ
1151 3055 1169 3124 d
1189 3059 1265 3136 θεὶς
1284 3056 1361 3136 σούς

265 3162 385 3250 νόμους
394 3161 496 3233 ἅπασι
515 3162 649 3245 τούτοις
661 3169 806 3254 φύλακας
817 3169 994 3256 ἐπιστήσει,
1017 3165 1096 3247 σούς
1104 3167 1164 3251 μὲν
1175 3163 1228 3233 διὰ
1241 3160 1361 3254 φρονή-

266 3297 359 3354 σεως,
394 3268 487 3353 τούς»
503 3274 539 3341 δὲ
562 3277 604 3341 δι’
634 3267 781 3363 ἀληθοῦς
812 3273 909 3364 δόξης
940 3275 1071 3362 ἰόντας).
1125 3279 1244 3344 Iterum
1269 3276 1362 3343 adest

267 3386 398 3468 quidem
419 3384 500 3451 haec
529 3385 676 3452 doctrina
708 3388 740 3451 in
771 3386 834 3452 fine
857 3388 964 3470 operis
998 3385 1046 3471 (in
1074 3387 1177 3452 altera
1197 3386 1274 3450 libri
1295 3383 1362 3449 XII

266 3493 382 3579 parte),
411 3493 469 3560 sed
495 3495 542 3562 ita
570 3494 668 3559 etiam
693 3493 747 3559 hic
769 3495 968 3578 proponitur,
990 3495 1084 3577 quasi
1112 3494 1221 3559 verbis
1254 3494 1362 3559 excuti

167 3635 170 3639 ·
267 3598 301 3668 et
321 3602 489 3690 explanari
510 3608 658 3684 nequeat.
693 3603 772 3685 ¹Iam
791 3623 869 3670 vero
891 3603 932 3669 de
955 3605 1058 3686 ipsius
1081 3602 1238 3667 enuntiati
1259 3601 1362 3667 torma

267 3710 366 3779 dubio
398 3709 479 3774 mihi
510 3715 608 3792 atque
639 3711 786 3779 haerenti
817 3732 930 3777 verum
961 3710 1119 3777 indicavit
1144 3708 1361 3775 Buechelerus

266 3818 428 3882 Nimirum
466 3817 672 3884 scribendum
711 3825 773 3885 est:
806 3812 943 3901 σμικρὰς
971 3839 1031 3903 pro
1064 3818 1193 3903 σμικρᾷ.
1246 3818 1362 3898 Itaque

268 3924 429 3992 sententia
451 3925 497 3989 ita
518 3925 585 3991 iere
606 3925 773 4009 reddenda
794 3928 869 3993 erit:
1420 4000 1422 4005 ,

358 4031 492 4109 ,Velut
514 4033 548 4097 in
570 4034 657 4098 omni
687 4038 816 4099 textura
845 4020 1013 4099 subtemen
1033 4039 1065 4098 ct
1087 4039 1211 4099 stamen
1232 4052 1296 4098 non
1323 4051 1365 4097 ex

268 4138 381 4205 eadem
409 4139 528 4205 debent
556 4142 692 4218 materia
713 4161 793 4228 wesse
815 4142 969 4223 coniecta,
1002 4139 1060 4208 sed
1086 4147 1210 4206 stamen
1230 4159 1363 4207 necesse

268 4252 317 4312 est
348 4246 466 4312 virtute
491 4249 667 4331 praecellat
704 4246 765 4333 (ita
795 4256 831 4315 ut
862 4248 943 4315 haec
974 4249 1075 4315 verba
1101 4268 1160 4334 per
1185 4267 1221 4315 se
1257 4248 1364 4331 posita
