3312 4906
858 332 900 395 20

328 505 426 594 τιμῆς
451 507 511 593 τῆς
539 498 632 589 οἷξίας
652 508 720 576 οὔτ’
746 501 853 596 δρχῶν
905 513 1021 578 νιονίαν
1058 515 1111 580 καὶ
1147 509 1296 600 ξύμμιξιν
1334 510 1424 605 διαγ-

330 601 406 678 οδτε
428 613 520 703 δίκης
547 616 632 684 ποτέ
653 643 703 698 τις
730 614 770 685 δν
797 624 854 707 τῆς
904 624 1004 702 ναίοις
1027 620 1094 706 ἔχει
1113 621 1172 713 τὴν
1190 614 1321 709 dyonea
1343 626 1426 709 ἐξαι-

328 719 554 811 προςηκοῦσης
570 718 685 811 ὀρθῶς
693 725 853 815 τυγχάνοι
905 736 983 816 ρεῖν,
1007 734 1084 819 παρ’
1109 719 1155 799 ὧν
1181 732 1219 800 τέ
1242 758 1292 812 τις
1313 724 1425 818 σ’ἶγεται

328 832 381 898 δεῖ
402 830 442 919 δή
464 830 572 900 πάντα
590 827 692 922 ἄνδρα
711 834 747 906 ἓν
768 836 855 924 πρὸς
905 841 958 907 καὶ
979 832 1001 907 δ
1022 842 1076 908 καὶ
1097 834 1150 922 οἷς
1169 843 1327 925 ἐκδίδωσι,
1348 846 1427 928 περὶ

328 934 367 1007 δν
382 945 482 1008 τοῦτο
505 940 660 1013 σπεύδειν
680 947 714 1014 ἐν
733 945 855 1028 πάσαις
906 946 1030 1030 παντὸς
1051 948 1249 1037 ποιούμενον
1271 947 1292 1019 δ’
1311 976 1342 1018 τι
1363 948 1425 1036 μά-

328 1044 476 1139 witeca,
512 1048 606 1134 ὅπως
637 1051 719 1146 μήτε
756 1049 855 1135 αδτδς
905 1061 999 1126 λιστα
1019 1058 1057 1126 ai
1077 1057 1121 1148 μή
1145 1059 1351 1151 σφάλλεσθαι
1367 1088 1425 1150 μη-

330 1155 483 1246 κίβδηλδς
495 1186 581 1230 ποτε
603 1171 755 1253 φανεῖται
772 1161 856 1254 ὁτῳ-
906 1169 1018 1253 capae
1035 1170 1068 1235 ἐν
1078 1175 1150 1250 τοῖς
1168 1168 1331 1251 τοιούτοις
1344 1172 1425 1238 κατα

332 1268 400 1350 οὖν,
434 1265 563 1352 ἁπλοῦς
588 1274 625 1341 δὲ
655 1276 709 1341 καὶ
730 1266 858 1364 ἀληθὴς
905 1276 944 1344 τδ
966 1276 1111 1346 δυνατόν.

327 1368 394 1464 ἀεὶ,
416 1374 498 1466 μήτε
518 1371 617 1463 ἄλλος
640 1395 791 1466 τοιοῦτος
812 1380 858 1453 dv

329 1478 434 1555 αδτδν
455 1488 662 1582 διαπατήσει.

433 1611 505 1679 Hoc
524 1582 613 1681 duim
634 1620 771 1699 utroque
792 1617 864 1682 loco
886 1615 1097 1701 contenditur,
1118 1617 1189 1684 dics
1210 1617 1309 1683 festos
1332 1618 1425 1690 insti·

328 1719 469 1788 tuendos
485 1741 567 1808 esse,
588 1731 624 1791 ut
646 1727 733 1793 cives
749 1726 888 1792 invicem
909 1732 1103 1808 cognoscant
1122 1732 1154 1791 et
1168 1728 1293 1791 alterna
1315 1746 1424 1791 eorum

331 1830 455 1898 oriatur
476 1833 690 1901 familiaritas.
719 1834 810 1913 Quae
826 1855 882 1900 cur
903 1836 950 1899 ita
971 1840 1152 1900 statuantur
1168 1836 1270 1900 altero
1292 1833 1423 1916 quidem

332 1939 404 2007 loco
427 1941 547 2010 idonea
574 1945 683 2011 statim
715 1944 919 2025 subsequitur
950 1963 1062 2008 causa:
1099 1963 1140 2008 ne
1173 1944 1260 2008 cives
1293 1947 1424 2026 propter
1459 2014 1461 2018 ⁸

218 2094 222 2102 -
331 2058 476 2119 mutuam
512 2053 746 2139 ignorationem
782 2053 893 2135 inepta
926 2051 1034 2116 ineant
1068 2052 1282 2117 matrimonia.
1332 2050 1422 2129 Quae

330 2167 440 2235 autem
461 2171 571 2231 nostro
591 2165 662 2230 loco
685 2160 820 2228 eandem
842 2161 1034 2226 sententiam
1056 2160 1165 2226 statim
1187 2160 1425 2242 subsequuntur

331 2273 434 2341 verba
455 2268 542 2339 ὅπου
564 2268 626 2359 γάρ
647 2265 691 2357 μὴ
714 2269 787 2357 φῶς
809 2257 960 2355 ἀλλήλοις
984 2305 1021 2314 -
1042 2260 1156 2350 ὀρθῶς
1175 2263 1333 2352 τυγχάνοι,
1356 2269 1426 2334 red·

334 2381 415 2449 dunt
434 2384 516 2454 haec
550 2382 679 2469 quidem
708 2380 850 2461 aliquam
875 2378 1030 2444 festorum
1060 2378 1329 2455 instituendorum
1352 2399 1425 2444 cau-

318 2508 405 2560 'sam
437 2496 496 2562 scd
517 2516 588 2562 eam
608 2490 781 2574 longinque
814 2489 1003 2554 accersitam
1025 2509 1130 2571 neque
1153 2490 1369 2554 continuatam
1392 2489 1426 2551 in

333 2607 553 2688 sequentibus.
595 2602 678 2668 Nam
700 2597 786 2681 quod
807 2597 983 2663 novissimo
1005 2599 1076 2663 loco
1101 2599 1241 2680 positum
1264 2603 1313 2662 est
1334 2616 1425 2681 prae·

334 2722 465 2801 ceptum
487 2715 568 2781 illud
587 2709 707 2777 morale
729 2704 780 2769 δεῖ
800 2698 838 2789 δὴ
861 2697 968 2767 πάντα
989 2692 1090 2787 dodon
1104 2698 1140 2768 ‘ab
1154 2700 1240 2785 πρδς
1260 2698 1296 2768 (ἓν
1313 2724 1340 2770 e.
1356 2724 1385 2786 q.
1401 2724 1426 2769 S.

335 2846 409 2893 cum
432 2825 594 2912 prioribus
626 2818 707 2885 nihil
739 2833 904 2882 commune
936 2813 1034 2879 habet
1068 2819 1099 2880 et
1131 2833 1262 2897 prorsus
1284 2814 1426 2898 languet.

338 2936 475 3005 Accedit
501 2935 586 3022 quod
608 2931 694 2999 idem
723 2926 831 3011 paullo
853 2929 928 2991 ante
953 2924 1053 2988 multo
1076 2922 1270 3005 explicatius
1304 2942 1426 3004 suoque

265 3065 267 3069 ·
335 3050 407 3116 loco
430 3050 612 3136 expositum
632 3046 681 3108 est
702 3041 787 3101 730⁰.

441 3159 540 3227 Aliud
561 3154 655 3223 addc.
697 3148 830 3235 Planum
864 3143 950 3210 enim
971 3148 1020 3209 est
1048 3139 1130 3227 μέρη
1152 3143 1211 3207 illa
1245 3162 1328 3225 quae
1350 3140 1428 3205 738<1

342 3272 413 3339 deis
445 3277 478 3337 et
498 3262 603 3356 geniis
628 3268 667 3328 et
687 3256 837 3324 heroibus
868 3252 1075 3336 assignantur
1102 3273 1167 3318 non
1195 3271 1291 3334 posse
1314 3250 1434 3316 eadem-

338 3381 421 3469 μέρη
454 3402 526 3450 esse
547 3378 588 3445 de
610 3372 726 3458 quibus
748 3368 824 3428 737Θ
846 3362 1044 3445 disputatum
1075 3367 1138 3447 est.¹
1175 3360 1258 3424 Nam
1290 3361 1427 3445 singulis

342 3494 491 3562 domibus
517 3491 595 3556 deos
617 3479 718 3549 noluit
739 3472 923 3540 adtribuere
945 3470 1051 3547 Plato;
1085 3469 1123 3535 ci.
1153 3467 1232 3534 909(1
1254 3461 1326 3549 ispo}
1346 3463 1427 3551 μηδὲ

340 3594 391 3683 εἷς
413 3602 445 3670 ἐν
460 3600 554 3678 ἰδίαις
568 3591 682 3668 οἰκίαις
696 3577 856 3670 ἐκτήσθω.
887 3580 1117 3663 Respiciuntur
1130 3581 1270 3645 maiores
1285 3576 1427 3645 civitatis

341 3722 460 3800 partes,
482 3730 565 3797 quae
588 3712 692 3772 tamen
711 3699 784 3779 cpte
813 3689 940 3755 demum
965 3686 1044 3752 XIV
1065 3685 1276 3752 delineantur.

444 3823 592 3905 Denique
623 3831 686 3879 non
720 3807 792 3871 sunt
813 3796 988 3879 Platonica,
1025 3815 1108 3878 quae
1139 3795 1248 3862 verbis
1283 3782 1351 3859 οὔτ’
1387 3785 1429 3857 δν

340 3934 449 4026 καινὴν
473 3970 508 3983 -
533 3919 626 3996 οὐδὲν
645 3911 788 4003 κινητέον
809 3905 893 3973 7381’2
908 3916 928 3946 ⁰·
960 3905 1025 3989 (pg.
1042 3908 1080 3969 21
1103 3906 1209 3970 locum
1232 3902 1428 3986 exscribam)

339 4051 496 4116 iubentur.
539 4040 621 4108 Nam
639 4037 688 4099 est
710 4021 838 4110 quidem
855 4016 1026 4099 religiosus
1044 4013 1138 4080 Plato
1155 4015 1189 4078 in
1210 4013 1347 4097 legibus,
1370 4013 1428 4080 sed

339 4181 412 4228 cum
433 4178 497 4226 non
519 4149 661 4241 potuisse
682 4137 725 4206 ad
757 4127 1016 4214 superstitionem
1048 4130 1114 4189 tarn
1144 4125 1285 4208 ineptam
1318 4122 1427 4189 delabi

339 4289 507 4353 sumerem,
531 4264 559 4331 si
580 4250 709 4346 probari
732 4240 885 4326 nequiret.
939 4234 1044 4316 Atque
1065 4253 1176 4300 verum
1205 4239 1253 4298 est
1275 4253 1427 4318 magnum
